%% This BibTeX bibliography file was created using BibDesk.
%% http://bibdesk.sourceforge.net/


%% Created for David Roe at 2014-02-15 09:47:06 -0700 


%% Saved with string encoding Unicode (UTF-8) 



@unpublished{vaccon:14a,
	Author = {Tristan Vaccon},
	Date-Added = {2014-02-15 16:38:31 +0000},
	Date-Modified = {2014-02-15 16:45:23 +0000},
	Keywords = {padicprec},
	Note = {Preprint},
	Title = {{Matrix-F5 algorithms over finite-precision complete discrete valuation fields}},
	Year = {2014}}

@book{schneider:11a,
	Address = {Berlin},
	Author = {Peter Schneider},
	Booktitle = {{$p$-adic Lie groups}},
	Date-Added = {2014-02-15 16:34:19 +0000},
	Date-Modified = {2014-02-15 16:47:04 +0000},
	Keywords = {padicprec},
	Publisher = {Springer},
	Series = {{Grundlehren der mathematischen Wissenschaften 344}},
	Title = {{$p$-Adic Lie groups}},
	Year = {2011}}

@article{lercier-sirvent:08a,
	Author = {Reynald Lercier and Thomas Sirvent},
	Date-Added = {2014-02-15 16:31:33 +0000},
	Date-Modified = {2014-02-15 16:33:59 +0000},
	Journal = {J. Th{\'e}orie des Nombres des Bordeaux},
	Keywords = {padicprec},
	Pages = {783--797},
	Title = {{On Elkies subgroups of $\ell$-torsion points in elliptic curves defined over a finite field}},
	Volume = {20},
	Year = {2008}}

@article{kedlaya:01a,
	Author = {Kiran S. Kedlaya},
	Date-Added = {2014-02-15 16:29:07 +0000},
	Date-Modified = {2014-02-15 16:33:51 +0000},
	Journal = {J. Ramanujan Math. Soc.},
	Keywords = {padicprec},
	Pages = {323--338},
	Title = {Counting points on hyperelliptic curves using Monsky--Washnitzer cohomology},
	Volume = {16},
	Year = {2001}}

@inproceedings{gaudry-houtmann-weng-ritzenthaler-kohel:06a,
	Author = {Pierrick Gaudry and Thomas Houtmann and Annegret Weng and Christophe Ritzenthaler and David Kohel},
	Booktitle = {{Asiacrypt 2006}},
	Date-Added = {2014-02-15 16:25:31 +0000},
	Date-Modified = {2014-02-15 16:33:48 +0000},
	Keywords = {padicprec},
	Pages = {114--129},
	Publisher = {Springer},
	Series = {{LNCS 4284}},
	Title = {{The $2$-adic CM method for genus $2$ curves with application to cryptography}},
	Year = {2006}}

@article{fomin-zelevinsky:02a,
	Author = {Sergey Fomin and Andrei Zelevinsky},
	Date-Added = {2014-02-15 16:21:55 +0000},
	Date-Modified = {2014-02-15 16:33:43 +0000},
	Journal = {Advances in Applied Math.},
	Keywords = {padicprec},
	Number = {2},
	Pages = {119--144},
	Title = {{The Laurent phenomenon}},
	Volume = {28},
	Year = {2002}}

@unpublished{caruso-lubicz:14a,
	Author = {Xavier Caruso and David Lubicz},
	Date-Added = {2014-02-15 16:18:37 +0000},
	Date-Modified = {2014-02-15 16:20:38 +0000},
	Keywords = {padicprec},
	Note = {{to appear in LMS J. Comp. and Math.}},
	Title = {{Linear algebra over Zp[[u]] and related rings}},
	Year = {2014}}

@unpublished{caruso:12a,
	Author = {Xavier Caruso},
	Date-Added = {2014-02-15 16:16:15 +0000},
	Date-Modified = {2014-02-15 16:17:28 +0000},
	Keywords = {padicprec},
	Note = {arXiv:1212.0308},
	Title = {{Random matrices over a DVR and LU factorization}},
	Year = {2012}}

@inproceedings{boston-gonzalez-perdry-schost:05a,
	Author = {Alin Bostan and Laureano Gonz{\'a}lez-Vega and Herv{\'e} Perdry and {\'E}ric Schost},
	Booktitle = {{MEGA'05}},
	Date-Added = {2014-02-15 16:09:07 +0000},
	Date-Modified = {2014-02-15 16:15:37 +0000},
	Keywords = {padicprec},
	Title = {{From {N}ewton sums to coefficients: complexity issues in characteristic $p$}},
	Year = {2005}}

@article{karatsuba-ofman:62a,
	Author = {Anatolii Karatsuba and Yuri Ofman},
	Date-Added = {2014-02-15 16:06:45 +0000},
	Date-Modified = {2014-02-15 16:08:35 +0000},
	Journal = {{Proceedings of the USSR Academy of Sciences}},
	Keywords = {padicprec},
	Number = {145},
	Pages = {293--294},
	Title = {Multiplication of many-digital numbers by automatic computers},
	Year = {1962}}

@unpublished{kreidl:10a,
	Author = {Martin Kreidl},
	Date-Added = {2014-02-07 19:02:25 +0000},
	Date-Modified = {2014-02-07 19:03:19 +0000},
	Keywords = {qcsheaves},
	Note = {arXiv:1010.0349v1},
	Title = {{On $p$-adic loop groups and Grassmannians}},
	Year = {2010}}

@unpublished{bertapelle-gonzalez:13b,
	Author = {{Alessandra Bertapelle} and {Cristian D. Gonz\'ales-Avil\'es}},
	Date-Added = {2014-01-24 16:23:13 -0500},
	Date-Modified = {2014-01-24 16:25:56 -0500},
	Keywords = {rectifiers},
	Month = {November},
	Note = {arXiv:1311.4841v3},
	Title = {On the cohomology of tori over local fields with perfect residue field},
	Year = {2013}}

@article{nicaise-sebag:motivicSerre,
	Author = {Julien Sebag and Johannes Nicaise},
	Date-Added = {2014-01-15 01:07:25 -0500},
	Date-Modified = {2014-02-07 18:58:33 +0000},
	Journal = {J. Algebra},
	Keywords = {qcsheaves},
	Number = {4},
	Pages = {1585-1610},
	Title = {{Motivic Serre invariants and Weil restriction}},
	Volume = {319},
	Year = {2008}}

@unpublished{bertapelle-gonzales:Greenberg,
	Author = {{Alessandra Bertapelle} and {Cristian D. Gonz\'ales-Avil\'es}},
	Date-Added = {2014-01-15 01:04:53 -0500},
	Date-Modified = {2014-01-24 16:25:54 -0500},
	Keywords = {qcsheaves},
	Month = {October},
	Note = {arXiv:1311.0051v1},
	Title = {{The Greenberg functor revisited}},
	Year = {2013}}

@article{weber:93a,
	Author = {Andreas Weber},
	Date-Added = {2013-12-08 13:53:44 -0500},
	Date-Modified = {2013-12-08 13:54:27 -0500},
	Keywords = {sage},
	Title = {On Coherence in Computer Algebra},
	Bdsk-File-1 = {YnBsaXN0MDDUAQIDBAUGJCVYJHZlcnNpb25YJG9iamVjdHNZJGFyY2hpdmVyVCR0b3ASAAGGoKgHCBMUFRYaIVUkbnVsbNMJCgsMDxJXTlMua2V5c1pOUy5vYmplY3RzViRjbGFzc6INDoACgAOiEBGABIAFgAdccmVsYXRpdmVQYXRoWWFsaWFzRGF0YV8QPi4uLy4uL0xpYnJhcnlEYXZpZC9XZWJlci0tT24gQ29oZXJlbmNlIGluIENvbXB1dGVyIEFsZ2VicmEucGRm0hcLGBlXTlMuZGF0YU8RAiYAAAAAAiYAAgAADE1hY2ludG9zaCBIRAAAAAAAAAAAAAAAAAAAAMf+/C5IKwAAAdUuFx9XZWJlci0tT24gQ29oZXJlbmNlIGkjOTU0RjMucGRmAAAAAAAAAAAAAAAAAAAAAAAAAAAAAAAAAAAAAAAAAAAACVTzxE4LDVBERiBwcnZ3AAIAAgAACSAAAAAAAAAAAAAAAAAAAAAMTGlicmFyeURhdmlkABAACAAAx/9QjgAAABEACAAAxE5fbQAAAAEAGAHVLhcACVL1AAlS8wAJNoUACQ3YAAAAuAACAGBNYWNpbnRvc2ggSEQ6VXNlcnM6AHJvZWQ6AERvY3VtZW50czoATWF0aDoAUGFwZXJzOgBMaWJyYXJ5RGF2aWQ6AFdlYmVyLS1PbiBDb2hlcmVuY2UgaSM5NTRGMy5wZGYADgBYACsAVwBlAGIAZQByAC0ALQBPAG4AIABDAG8AaABlAHIAZQBuAGMAZQAgAGkAbgAgAEMAbwBtAHAAdQB0AGUAcgAgAEEAbABnAGUAYgByAGEALgBwAGQAZgAPABoADABNAGEAYwBpAG4AdABvAHMAaAAgAEgARAASAFlVc2Vycy9yb2VkL0RvY3VtZW50cy9NYXRoL1BhcGVycy9MaWJyYXJ5RGF2aWQvV2ViZXItLU9uIENvaGVyZW5jZSBpbiBDb21wdXRlciBBbGdlYnJhLnBkZgAAEwABLwAAFQACAAv//wAAgAbSGxwdHlokY2xhc3NuYW1lWCRjbGFzc2VzXU5TTXV0YWJsZURhdGGjHR8gVk5TRGF0YVhOU09iamVjdNIbHCIjXE5TRGljdGlvbmFyeaIiIF8QD05TS2V5ZWRBcmNoaXZlctEmJ1Ryb290gAEACAARABoAIwAtADIANwBAAEYATQBVAGAAZwBqAGwAbgBxAHMAdQB3AIQAjgDPANQA3AMGAwgDDQMYAyEDLwMzAzoDQwNIA1UDWANqA20DcgAAAAAAAAIBAAAAAAAAACgAAAAAAAAAAAAAAAAAAAN0}}

@phdthesis{xin:04a,
	Author = {Guoce Xin},
	Date-Added = {2013-12-08 13:52:01 -0500},
	Date-Modified = {2013-12-08 13:52:37 -0500},
	Title = {The Ring of Malcev-Neumann Series and the Residue Theorem},
	Bdsk-File-1 = {YnBsaXN0MDDUAQIDBAUGJCVYJHZlcnNpb25YJG9iamVjdHNZJGFyY2hpdmVyVCR0b3ASAAGGoKgHCBMUFRYaIVUkbnVsbNMJCgsMDxJXTlMua2V5c1pOUy5vYmplY3RzViRjbGFzc6INDoACgAOiEBGABIAFgAdccmVsYXRpdmVQYXRoWWFsaWFzRGF0YV8QMi4uLy4uL0xpYnJhcnlEYXZpZC9YaW4gLS0gTXVsdGkgTGF1cmVudCBzZXJpZXMucGRm0hcLGBlXTlMuZGF0YU8RAgIAAAAAAgIAAgAADE1hY2ludG9zaCBIRAAAAAAAAAAAAAAAAAAAAMf+/C5IKwAAAdUuFx9YaW4gLS0gTXVsdGkgTGF1cmVudCBzZXJpZXMucGRmAAAAAAAAAAAAAAAAAAAAAAAAAAAAAAAAAAAAAAAAAAAACVTmw2LNeVBERiBwcnZ3AAIAAgAACSAAAAAAAAAAAAAAAAAAAAAMTGlicmFyeURhdmlkABAACAAAx/9QjgAAABEACAAAw2Mv6QAAAAEAGAHVLhcACVL1AAlS8wAJNoUACQ3YAAAAuAACAGBNYWNpbnRvc2ggSEQ6VXNlcnM6AHJvZWQ6AERvY3VtZW50czoATWF0aDoAUGFwZXJzOgBMaWJyYXJ5RGF2aWQ6AFhpbiAtLSBNdWx0aSBMYXVyZW50IHNlcmllcy5wZGYADgBAAB8AWABpAG4AIAAtAC0AIABNAHUAbAB0AGkAIABMAGEAdQByAGUAbgB0ACAAcwBlAHIAaQBlAHMALgBwAGQAZgAPABoADABNAGEAYwBpAG4AdABvAHMAaAAgAEgARAASAE1Vc2Vycy9yb2VkL0RvY3VtZW50cy9NYXRoL1BhcGVycy9MaWJyYXJ5RGF2aWQvWGluIC0tIE11bHRpIExhdXJlbnQgc2VyaWVzLnBkZgAAEwABLwAAFQACAAv//wAAgAbSGxwdHlokY2xhc3NuYW1lWCRjbGFzc2VzXU5TTXV0YWJsZURhdGGjHR8gVk5TRGF0YVhOU09iamVjdNIbHCIjXE5TRGljdGlvbmFyeaIiIF8QD05TS2V5ZWRBcmNoaXZlctEmJ1Ryb290gAEACAARABoAIwAtADIANwBAAEYATQBVAGAAZwBqAGwAbgBxAHMAdQB3AIQAjgDDAMgA0ALWAtgC3QLoAvEC/wMDAwoDEwMYAyUDKAM6Az0DQgAAAAAAAAIBAAAAAAAAACgAAAAAAAAAAAAAAAAAAANE}}

@article{pauli:??,
	Author = {Sebastian Pauli},
	Date-Added = {2013-12-08 13:49:46 -0500},
	Date-Modified = {2013-12-08 13:50:40 -0500},
	Keywords = {sage},
	Title = {Constructing Class Fields over Local Fields},
	Bdsk-File-1 = {YnBsaXN0MDDUAQIDBAUGJCVYJHZlcnNpb25YJG9iamVjdHNZJGFyY2hpdmVyVCR0b3ASAAGGoKgHCBMUFRYaIVUkbnVsbNMJCgsMDxJXTlMua2V5c1pOUy5vYmplY3RzViRjbGFzc6INDoACgAOiEBGABIAFgAdccmVsYXRpdmVQYXRoWWFsaWFzRGF0YV8QSy4uLy4uL0xpYnJhcnlEYXZpZC9QYXVsaSAtLSBDb25zdHJ1Y3RpbmcgQ2xhc3MgRmllbGRzIG92ZXIgTG9jYWwgRmllbGRzLnBkZtIXCxgZV05TLmRhdGFPEQJMAAAAAAJMAAIAAAxNYWNpbnRvc2ggSEQAAAAAAAAAAAAAAAAAAADH/vwuSCsAAAHVLhcfUGF1bGkgLS0gQ29uc3RydWN0aW5nIzk1NEExLnBkZgAAAAAAAAAAAAAAAAAAAAAAAAAAAAAAAAAAAAAAAAAAAAlUocRYlb5QREYgcHJ2dwACAAIAAAkgAAAAAAAAAAAAAAAAAAAADExpYnJhcnlEYXZpZAAQAAgAAMf/UI4AAAARAAgAAMRY6h4AAAABABgB1S4XAAlS9QAJUvMACTaFAAkN2AAAALgAAgBgTWFjaW50b3NoIEhEOlVzZXJzOgByb2VkOgBEb2N1bWVudHM6AE1hdGg6AFBhcGVyczoATGlicmFyeURhdmlkOgBQYXVsaSAtLSBDb25zdHJ1Y3RpbmcjOTU0QTEucGRmAA4AcgA4AFAAYQB1AGwAaQAgAC0ALQAgAEMAbwBuAHMAdAByAHUAYwB0AGkAbgBnACAAQwBsAGEAcwBzACAARgBpAGUAbABkAHMAIABvAHYAZQByACAATABvAGMAYQBsACAARgBpAGUAbABkAHMALgBwAGQAZgAPABoADABNAGEAYwBpAG4AdABvAHMAaAAgAEgARAASAGZVc2Vycy9yb2VkL0RvY3VtZW50cy9NYXRoL1BhcGVycy9MaWJyYXJ5RGF2aWQvUGF1bGkgLS0gQ29uc3RydWN0aW5nIENsYXNzIEZpZWxkcyBvdmVyIExvY2FsIEZpZWxkcy5wZGYAEwABLwAAFQACAAv//wAAgAbSGxwdHlokY2xhc3NuYW1lWCRjbGFzc2VzXU5TTXV0YWJsZURhdGGjHR8gVk5TRGF0YVhOU09iamVjdNIbHCIjXE5TRGljdGlvbmFyeaIiIF8QD05TS2V5ZWRBcmNoaXZlctEmJ1Ryb290gAEACAARABoAIwAtADIANwBAAEYATQBVAGAAZwBqAGwAbgBxAHMAdQB3AIQAjgDcAOEA6QM5AzsDQANLA1QDYgNmA20DdgN7A4gDiwOdA6ADpQAAAAAAAAIBAAAAAAAAACgAAAAAAAAAAAAAAAAAAAOn}}

@unpublished{gerkmann:07a,
	Author = {Ralf Gerkmann},
	Date-Added = {2013-12-08 13:48:29 -0500},
	Date-Modified = {2013-12-08 13:49:13 -0500},
	Keywords = {sage},
	Title = {A quick introduction to Sage},
	Bdsk-File-1 = {YnBsaXN0MDDUAQIDBAUGJCVYJHZlcnNpb25YJG9iamVjdHNZJGFyY2hpdmVyVCR0b3ASAAGGoKgHCBMUFRYaIVUkbnVsbNMJCgsMDxJXTlMua2V5c1pOUy5vYmplY3RzViRjbGFzc6INDoACgAOiEBGABIAFgAdccmVsYXRpdmVQYXRoWWFsaWFzRGF0YV8QJC4uLy4uL0xpYnJhcnlEYXZpZC9pbnRybyB0byBzYWdlLnBkZtIXCxgZV05TLmRhdGFPEQHKAAAAAAHKAAIAAAxNYWNpbnRvc2ggSEQAAAAAAAAAAAAAAAAAAADH/vwuSCsAAAHVLhcRaW50cm8gdG8gc2FnZS5wZGYAAAAAAAAAAAAAAAAAAAAAAAAAAAAAAAAAAAAAAAAAAAAAAAAAAAAAAAAAAAAAAAlU4cIIkmlQREYgcHJ2dwACAAIAAAkgAAAAAAAAAAAAAAAAAAAADExpYnJhcnlEYXZpZAAQAAgAAMf/UI4AAAARAAgAAMII9NkAAAABABgB1S4XAAlS9QAJUvMACTaFAAkN2AAAALgAAgBSTWFjaW50b3NoIEhEOlVzZXJzOgByb2VkOgBEb2N1bWVudHM6AE1hdGg6AFBhcGVyczoATGlicmFyeURhdmlkOgBpbnRybyB0byBzYWdlLnBkZgAOACQAEQBpAG4AdAByAG8AIAB0AG8AIABzAGEAZwBlAC4AcABkAGYADwAaAAwATQBhAGMAaQBuAHQAbwBzAGgAIABIAEQAEgA/VXNlcnMvcm9lZC9Eb2N1bWVudHMvTWF0aC9QYXBlcnMvTGlicmFyeURhdmlkL2ludHJvIHRvIHNhZ2UucGRmAAATAAEvAAAVAAIAC///AACABtIbHB0eWiRjbGFzc25hbWVYJGNsYXNzZXNdTlNNdXRhYmxlRGF0YaMdHyBWTlNEYXRhWE5TT2JqZWN00hscIiNcTlNEaWN0aW9uYXJ5oiIgXxAPTlNLZXllZEFyY2hpdmVy0SYnVHJvb3SAAQAIABEAGgAjAC0AMgA3AEAARgBNAFUAYABnAGoAbABuAHEAcwB1AHcAhACOALUAugDCApACkgKXAqICqwK5Ar0CxALNAtIC3wLiAvQC9wL8AAAAAAAAAgEAAAAAAAAAKAAAAAAAAAAAAAAAAAAAAv4=}}

@manual{gmp,
	Booktitle = {GNU MP},
	Date-Added = {2013-12-08 13:47:27 -0500},
	Date-Modified = {2013-12-08 13:47:51 -0500},
	Title = {GNU MP},
	Bdsk-File-1 = {YnBsaXN0MDDUAQIDBAUGJCVYJHZlcnNpb25YJG9iamVjdHNZJGFyY2hpdmVyVCR0b3ASAAGGoKgHCBMUFRYaIVUkbnVsbNMJCgsMDxJXTlMua2V5c1pOUy5vYmplY3RzViRjbGFzc6INDoACgAOiEBGABIAFgAdccmVsYXRpdmVQYXRoWWFsaWFzRGF0YV8QJC4uLy4uL0xpYnJhcnlEYXZpZC9nbXAtbWFuLTQuMi4xLnBkZtIXCxgZV05TLmRhdGFPEQHKAAAAAAHKAAIAAAxNYWNpbnRvc2ggSEQAAAAAAAAAAAAAAAAAAADH/vwuSCsAAAHVLhcRZ21wLW1hbi00LjIuMS5wZGYAAAAAAAAAAAAAAAAAAAAAAAAAAAAAAAAAAAAAAAAAAAAAAAAAAAAAAAAAAAAAAAlU4MIYTvRQREYgcHJ2dwACAAIAAAkgAAAAAAAAAAAAAAAAAAAADExpYnJhcnlEYXZpZAAQAAgAAMf/UI4AAAARAAgAAMIYsWQAAAABABgB1S4XAAlS9QAJUvMACTaFAAkN2AAAALgAAgBSTWFjaW50b3NoIEhEOlVzZXJzOgByb2VkOgBEb2N1bWVudHM6AE1hdGg6AFBhcGVyczoATGlicmFyeURhdmlkOgBnbXAtbWFuLTQuMi4xLnBkZgAOACQAEQBnAG0AcAAtAG0AYQBuAC0ANAAuADIALgAxAC4AcABkAGYADwAaAAwATQBhAGMAaQBuAHQAbwBzAGgAIABIAEQAEgA/VXNlcnMvcm9lZC9Eb2N1bWVudHMvTWF0aC9QYXBlcnMvTGlicmFyeURhdmlkL2dtcC1tYW4tNC4yLjEucGRmAAATAAEvAAAVAAIAC///AACABtIbHB0eWiRjbGFzc25hbWVYJGNsYXNzZXNdTlNNdXRhYmxlRGF0YaMdHyBWTlNEYXRhWE5TT2JqZWN00hscIiNcTlNEaWN0aW9uYXJ5oiIgXxAPTlNLZXllZEFyY2hpdmVy0SYnVHJvb3SAAQAIABEAGgAjAC0AMgA3AEAARgBNAFUAYABnAGoAbABuAHEAcwB1AHcAhACOALUAugDCApACkgKXAqICqwK5Ar0CxALNAtIC3wLiAvQC9wL8AAAAAAAAAgEAAAAAAAAAKAAAAAAAAAAAAAAAAAAAAv4=}}

@book{aaronson:PHCollapse,
	Author = {Scott Aaronson},
	Booktitle = {Polynomial Hierarchy Collapses},
	Date-Added = {2013-12-08 13:44:08 -0500},
	Date-Modified = {2013-12-08 13:44:52 -0500},
	Keywords = {funny},
	Title = {Polynomial Hierarchy Collapses},
	Bdsk-File-1 = {YnBsaXN0MDDUAQIDBAUGJCVYJHZlcnNpb25YJG9iamVjdHNZJGFyY2hpdmVyVCR0b3ASAAGGoKgHCBMUFRYaIVUkbnVsbNMJCgsMDxJXTlMua2V5c1pOUy5vYmplY3RzViRjbGFzc6INDoACgAOiEBGABIAFgAdccmVsYXRpdmVQYXRoWWFsaWFzRGF0YV8QLS4uLy4uL0xpYnJhcnlEYXZpZC9BYXJvbnNvbiAtLSBQSENvbGxhcHNlLnBkZtIXCxgZV05TLmRhdGFPEQHuAAAAAAHuAAIAAAxNYWNpbnRvc2ggSEQAAAAAAAAAAAAAAAAAAADH/vwuSCsAAAHVLhcaQWFyb25zb24gLS0gUEhDb2xsYXBzZS5wZGYAAAAAAAAAAAAAAAAAAAAAAAAAAAAAAAAAAAAAAAAAAAAAAAAAAAlTR8HRy8BQREYgcHJ2dwACAAIAAAkgAAAAAAAAAAAAAAAAAAAADExpYnJhcnlEYXZpZAAQAAgAAMf/UI4AAAARAAgAAMHSLjAAAAABABgB1S4XAAlS9QAJUvMACTaFAAkN2AAAALgAAgBbTWFjaW50b3NoIEhEOlVzZXJzOgByb2VkOgBEb2N1bWVudHM6AE1hdGg6AFBhcGVyczoATGlicmFyeURhdmlkOgBBYXJvbnNvbiAtLSBQSENvbGxhcHNlLnBkZgAADgA2ABoAQQBhAHIAbwBuAHMAbwBuACAALQAtACAAUABIAEMAbwBsAGwAYQBwAHMAZQAuAHAAZABmAA8AGgAMAE0AYQBjAGkAbgB0AG8AcwBoACAASABEABIASFVzZXJzL3JvZWQvRG9jdW1lbnRzL01hdGgvUGFwZXJzL0xpYnJhcnlEYXZpZC9BYXJvbnNvbiAtLSBQSENvbGxhcHNlLnBkZgATAAEvAAAVAAIAC///AACABtIbHB0eWiRjbGFzc25hbWVYJGNsYXNzZXNdTlNNdXRhYmxlRGF0YaMdHyBWTlNEYXRhWE5TT2JqZWN00hscIiNcTlNEaWN0aW9uYXJ5oiIgXxAPTlNLZXllZEFyY2hpdmVy0SYnVHJvb3SAAQAIABEAGgAjAC0AMgA3AEAARgBNAFUAYABnAGoAbABuAHEAcwB1AHcAhACOAL4AwwDLAr0CvwLEAs8C2ALmAuoC8QL6Av8DDAMPAyEDJAMpAAAAAAAAAgEAAAAAAAAAKAAAAAAAAAAAAAAAAAAAAys=}}

@book{manin:FrobeniusManifoldsQuantumCohomModuli,
	Author = {Yuri Manin},
	Booktitle = {Frobenius Manifolds, Quantum Cohomology and Moduli Spaces},
	Date-Added = {2013-12-08 13:42:41 -0500},
	Date-Modified = {2013-12-08 13:43:36 -0500},
	Keywords = {physics},
	Title = {Frobenius Manifolds, Quantum Cohomology and Moduli Spaces},
	Bdsk-File-1 = {YnBsaXN0MDDUAQIDBAUGJCVYJHZlcnNpb25YJG9iamVjdHNZJGFyY2hpdmVyVCR0b3ASAAGGoKgHCBMUFRYaIVUkbnVsbNMJCgsMDxJXTlMua2V5c1pOUy5vYmplY3RzViRjbGFzc6INDoACgAOiEBGABIAFgAdccmVsYXRpdmVQYXRoWWFsaWFzRGF0YV8QWy4uLy4uL0xpYnJhcnlEYXZpZC9NYW5pbiAtLSBGcm9iZW5pdXMgbWFuaWZvbGRzLCBxdWFudHVtIGNvaG9tb2xvZ3ksIGFuZCBtb2R1bGkgc3BhY2VzLmRqdnXSFwsYGVdOUy5kYXRhTxECfAAAAAACfAACAAAMTWFjaW50b3NoIEhEAAAAAAAAAAAAAAAAAAAAx/78LkgrAAAB1S4XH01hbmluIC0tIEZyb2Jlbml1cyBtIzk1NERELmRqdnUAAAAAAAAAAAAAAAAAAAAAAAAAAAAAAAAAAAAAAAAAAAAJVN3DJJy8AAAAAAAAAAAAAgACAAAJIAAAAAAAAAAAAAAAAAAAAAxMaWJyYXJ5RGF2aWQAEAAIAADH/1COAAAAEQAIAADDJPEcAAAAAQAYAdUuFwAJUvUACVLzAAk2hQAJDdgAAAC4AAIAYE1hY2ludG9zaCBIRDpVc2VyczoAcm9lZDoARG9jdW1lbnRzOgBNYXRoOgBQYXBlcnM6AExpYnJhcnlEYXZpZDoATWFuaW4gLS0gRnJvYmVuaXVzIG0jOTU0REQuZGp2dQAOAJIASABNAGEAbgBpAG4AIAAtAC0AIABGAHIAbwBiAGUAbgBpAHUAcwAgAG0AYQBuAGkAZgBvAGwAZABzACwAIABxAHUAYQBuAHQAdQBtACAAYwBvAGgAbwBtAG8AbABvAGcAeQAsACAAYQBuAGQAIABtAG8AZAB1AGwAaQAgAHMAcABhAGMAZQBzAC4AZABqAHYAdQAPABoADABNAGEAYwBpAG4AdABvAHMAaAAgAEgARAASAHZVc2Vycy9yb2VkL0RvY3VtZW50cy9NYXRoL1BhcGVycy9MaWJyYXJ5RGF2aWQvTWFuaW4gLS0gRnJvYmVuaXVzIG1hbmlmb2xkcywgcXVhbnR1bSBjb2hvbW9sb2d5LCBhbmQgbW9kdWxpIHNwYWNlcy5kanZ1ABMAAS8AABUAAgAL//8AAIAG0hscHR5aJGNsYXNzbmFtZVgkY2xhc3Nlc11OU011dGFibGVEYXRhox0fIFZOU0RhdGFYTlNPYmplY3TSGxwiI1xOU0RpY3Rpb25hcnmiIiBfEA9OU0tleWVkQXJjaGl2ZXLRJidUcm9vdIABAAgAEQAaACMALQAyADcAQABGAE0AVQBgAGcAagBsAG4AcQBzAHUAdwCEAI4A7ADxAPkDeQN7A4ADiwOUA6IDpgOtA7YDuwPIA8sD3QPgA+UAAAAAAAACAQAAAAAAAAAoAAAAAAAAAAAAAAAAAAAD5w==}}

@book{jaffe:IntroQFT,
	Author = {Arthur Jaffe},
	Date-Added = {2013-12-08 13:41:49 -0500},
	Date-Modified = {2013-12-08 13:42:26 -0500},
	Keywords = {physics},
	Title = {Introduction to Quantum Field Theory},
	Bdsk-File-1 = {YnBsaXN0MDDUAQIDBAUGJCVYJHZlcnNpb25YJG9iamVjdHNZJGFyY2hpdmVyVCR0b3ASAAGGoKgHCBMUFRYaIVUkbnVsbNMJCgsMDxJXTlMua2V5c1pOUy5vYmplY3RzViRjbGFzc6INDoACgAOiEBGABIAFgAdccmVsYXRpdmVQYXRoWWFsaWFzRGF0YV8QRC4uLy4uL0xpYnJhcnlEYXZpZC9KYWZmZSAtLSBJbnRyb2R1Y3Rpb24gdG8gUXVhbnR1bSBGaWVsZCBUaGVvcnkucGRm0hcLGBlXTlMuZGF0YU8RAjgAAAAAAjgAAgAADE1hY2ludG9zaCBIRAAAAAAAAAAAAAAAAAAAAMf+/C5IKwAAAdUuFx9KYWZmZSAtLSBJbnRyb2R1Y3Rpb24jOTU0REMucGRmAAAAAAAAAAAAAAAAAAAAAAAAAAAAAAAAAAAAAAAAAAAACVTcwezZ0FBERiBwcnZ3AAIAAgAACSAAAAAAAAAAAAAAAAAAAAAMTGlicmFyeURhdmlkABAACAAAx/9QjgAAABEACAAAwe08QAAAAAEAGAHVLhcACVL1AAlS8wAJNoUACQ3YAAAAuAACAGBNYWNpbnRvc2ggSEQ6VXNlcnM6AHJvZWQ6AERvY3VtZW50czoATWF0aDoAUGFwZXJzOgBMaWJyYXJ5RGF2aWQ6AEphZmZlIC0tIEludHJvZHVjdGlvbiM5NTREQy5wZGYADgBkADEASgBhAGYAZgBlACAALQAtACAASQBuAHQAcgBvAGQAdQBjAHQAaQBvAG4AIAB0AG8AIABRAHUAYQBuAHQAdQBtACAARgBpAGUAbABkACAAVABoAGUAbwByAHkALgBwAGQAZgAPABoADABNAGEAYwBpAG4AdABvAHMAaAAgAEgARAASAF9Vc2Vycy9yb2VkL0RvY3VtZW50cy9NYXRoL1BhcGVycy9MaWJyYXJ5RGF2aWQvSmFmZmUgLS0gSW50cm9kdWN0aW9uIHRvIFF1YW50dW0gRmllbGQgVGhlb3J5LnBkZgAAEwABLwAAFQACAAv//wAAgAbSGxwdHlokY2xhc3NuYW1lWCRjbGFzc2VzXU5TTXV0YWJsZURhdGGjHR8gVk5TRGF0YVhOU09iamVjdNIbHCIjXE5TRGljdGlvbmFyeaIiIF8QD05TS2V5ZWRBcmNoaXZlctEmJ1Ryb290gAEACAARABoAIwAtADIANwBAAEYATQBVAGAAZwBqAGwAbgBxAHMAdQB3AIQAjgDVANoA4gMeAyADJQMwAzkDRwNLA1IDWwNgA20DcAOCA4UDigAAAAAAAAIBAAAAAAAAACgAAAAAAAAAAAAAAAAAAAOM}}

@inbook{yap:LinearSystems,
	Author = {Chee-Keng Yap},
	Date-Added = {2013-12-08 13:37:10 -0500},
	Date-Modified = {2013-12-08 13:38:34 -0500},
	Keywords = {padicdet},
	Title = {Linear Systems},
	Bdsk-File-1 = {YnBsaXN0MDDUAQIDBAUGJCVYJHZlcnNpb25YJG9iamVjdHNZJGFyY2hpdmVyVCR0b3ASAAGGoKgHCBMUFRYaIVUkbnVsbNMJCgsMDxJXTlMua2V5c1pOUy5vYmplY3RzViRjbGFzc6INDoACgAOiEBGABIAFgAdccmVsYXRpdmVQYXRoWWFsaWFzRGF0YV8QNC4uLy4uL0xpYnJhcnlEYXZpZC9ZYXAgLS0gRGV0ZXJtaW5hbnQgQWxnb3JpdGhtcy5wZGbSFwsYGVdOUy5kYXRhTxECCAAAAAACCAACAAAMTWFjaW50b3NoIEhEAAAAAAAAAAAAAAAAAAAAx/78LkgrAAAB1S4XH1lhcCAtLSBEZXRlcm1pbmFudCBBbCM5NTQ5Qy5wZGYAAAAAAAAAAAAAAAAAAAAAAAAAAAAAAAAAAAAAAAAAAAAJVJzCL5qBAAAAAAAAAAAAAgACAAAJIAAAAAAAAAAAAAAAAAAAAAxMaWJyYXJ5RGF2aWQAEAAIAADH/1COAAAAEQAIAADCL+7hAAAAAQAYAdUuFwAJUvUACVLzAAk2hQAJDdgAAAC4AAIAYE1hY2ludG9zaCBIRDpVc2VyczoAcm9lZDoARG9jdW1lbnRzOgBNYXRoOgBQYXBlcnM6AExpYnJhcnlEYXZpZDoAWWFwIC0tIERldGVybWluYW50IEFsIzk1NDlDLnBkZgAOAEQAIQBZAGEAcAAgAC0ALQAgAEQAZQB0AGUAcgBtAGkAbgBhAG4AdAAgAEEAbABnAG8AcgBpAHQAaABtAHMALgBwAGQAZgAPABoADABNAGEAYwBpAG4AdABvAHMAaAAgAEgARAASAE9Vc2Vycy9yb2VkL0RvY3VtZW50cy9NYXRoL1BhcGVycy9MaWJyYXJ5RGF2aWQvWWFwIC0tIERldGVybWluYW50IEFsZ29yaXRobXMucGRmAAATAAEvAAAVAAIAC///AACABtIbHB0eWiRjbGFzc25hbWVYJGNsYXNzZXNdTlNNdXRhYmxlRGF0YaMdHyBWTlNEYXRhWE5TT2JqZWN00hscIiNcTlNEaWN0aW9uYXJ5oiIgXxAPTlNLZXllZEFyY2hpdmVy0SYnVHJvb3SAAQAIABEAGgAjAC0AMgA3AEAARgBNAFUAYABnAGoAbABuAHEAcwB1AHcAhACOAMUAygDSAt4C4ALlAvAC+QMHAwsDEgMbAyADLQMwA0IDRQNKAAAAAAAAAgEAAAAAAAAAKAAAAAAAAAAAAAAAAAAAA0w=}}

@article{saip-lucchesi:93a,
	Author = {Herbert Saip and Claudio Lucchesi},
	Date-Added = {2013-12-08 13:36:02 -0500},
	Date-Modified = {2013-12-08 13:36:40 -0500},
	Keywords = {padicdet},
	Title = {Matching Algorithms for Bipartite Graphs},
	Bdsk-File-1 = {YnBsaXN0MDDUAQIDBAUGJCVYJHZlcnNpb25YJG9iamVjdHNZJGFyY2hpdmVyVCR0b3ASAAGGoKgHCBMUFRYaIVUkbnVsbNMJCgsMDxJXTlMua2V5c1pOUy5vYmplY3RzViRjbGFzc6INDoACgAOiEBGABIAFgAdccmVsYXRpdmVQYXRoWWFsaWFzRGF0YV8QUS4uLy4uL0xpYnJhcnlEYXZpZC9TYWlwLCBMdWNjaGVzaSAtLSBNYXRjaGluZyBBbGdvcml0aG1zIGZvciBCaXBhcnRpdGUgR3JhcGhzLnBkZtIXCxgZV05TLmRhdGFPEQJeAAAAAAJeAAIAAAxNYWNpbnRvc2ggSEQAAAAAAAAAAAAAAAAAAADH/vwuSCsAAAHVLhcfU2FpcCwgTHVjY2hlc2kgLS0gTSMxRDUyRjQxLnBkZgAAAAAAAAAAAAAAAAAAAAAAAAAAAAAAAAAAAAAAAAAAAdUvQc7KCPkAAAAAAAAAAAACAAIAAAkgAAAAAAAAAAAAAAAAAAAADExpYnJhcnlEYXZpZAAQAAgAAMf/UI4AAAARAAgAAM7Ka2kAAAABABgB1S4XAAlS9QAJUvMACTaFAAkN2AAAALgAAgBgTWFjaW50b3NoIEhEOlVzZXJzOgByb2VkOgBEb2N1bWVudHM6AE1hdGg6AFBhcGVyczoATGlicmFyeURhdmlkOgBTYWlwLCBMdWNjaGVzaSAtLSBNIzFENTJGNDEucGRmAA4AfgA+AFMAYQBpAHAALAAgAEwAdQBjAGMAaABlAHMAaQAgAC0ALQAgAE0AYQB0AGMAaABpAG4AZwAgAEEAbABnAG8AcgBpAHQAaABtAHMAIABmAG8AcgAgAEIAaQBwAGEAcgB0AGkAdABlACAARwByAGEAcABoAHMALgBwAGQAZgAPABoADABNAGEAYwBpAG4AdABvAHMAaAAgAEgARAASAGxVc2Vycy9yb2VkL0RvY3VtZW50cy9NYXRoL1BhcGVycy9MaWJyYXJ5RGF2aWQvU2FpcCwgTHVjY2hlc2kgLS0gTWF0Y2hpbmcgQWxnb3JpdGhtcyBmb3IgQmlwYXJ0aXRlIEdyYXBocy5wZGYAEwABLwAAFQACAAv//wAAgAbSGxwdHlokY2xhc3NuYW1lWCRjbGFzc2VzXU5TTXV0YWJsZURhdGGjHR8gVk5TRGF0YVhOU09iamVjdNIbHCIjXE5TRGljdGlvbmFyeaIiIF8QD05TS2V5ZWRBcmNoaXZlctEmJ1Ryb290gAEACAARABoAIwAtADIANwBAAEYATQBVAGAAZwBqAGwAbgBxAHMAdQB3AIQAjgDiAOcA7wNRA1MDWANjA2wDegN+A4UDjgOTA6ADowO1A7gDvQAAAAAAAAIBAAAAAAAAACgAAAAAAAAAAAAAAAAAAAO/}}

@article{mahajan-vinjay:97a,
	Author = {Meena Mahajan and V Vinjay},
	Date-Added = {2013-12-08 13:33:32 -0500},
	Date-Modified = {2013-12-08 13:38:47 -0500},
	Keywords = {padicdet},
	Title = {Determinant: Combinatorics, Algorithms and Complexity},
	Bdsk-File-1 = {YnBsaXN0MDDUAQIDBAUGJCVYJHZlcnNpb25YJG9iamVjdHNZJGFyY2hpdmVyVCR0b3ASAAGGoKgHCBMUFRYaIVUkbnVsbNMJCgsMDxJXTlMua2V5c1pOUy5vYmplY3RzViRjbGFzc6INDoACgAOiEBGABIAFgAdccmVsYXRpdmVQYXRoWWFsaWFzRGF0YV8QNS4uLy4uL0xpYnJhcnlEYXZpZC9NYWhhamFuLCBWaW5qYXkgLS0gRGV0ZXJtaW5hbnQucGRm0hcLGBlXTlMuZGF0YU8RAgoAAAAAAgoAAgAADE1hY2ludG9zaCBIRAAAAAAAAAAAAAAAAAAAAMf+/C5IKwAAAdUuFx9NYWhhamFuLCBWaW5qYXkgLS0gRGUjOTU0OUQucGRmAAAAAAAAAAAAAAAAAAAAAAAAAAAAAAAAAAAAAAAAAAAACVSdwi+ajlBERiBwcnZ3AAIAAgAACSAAAAAAAAAAAAAAAAAAAAAMTGlicmFyeURhdmlkABAACAAAx/9QjgAAABEACAAAwi/u7gAAAAEAGAHVLhcACVL1AAlS8wAJNoUACQ3YAAAAuAACAGBNYWNpbnRvc2ggSEQ6VXNlcnM6AHJvZWQ6AERvY3VtZW50czoATWF0aDoAUGFwZXJzOgBMaWJyYXJ5RGF2aWQ6AE1haGFqYW4sIFZpbmpheSAtLSBEZSM5NTQ5RC5wZGYADgBGACIATQBhAGgAYQBqAGEAbgAsACAAVgBpAG4AagBhAHkAIAAtAC0AIABEAGUAdABlAHIAbQBpAG4AYQBuAHQALgBwAGQAZgAPABoADABNAGEAYwBpAG4AdABvAHMAaAAgAEgARAASAFBVc2Vycy9yb2VkL0RvY3VtZW50cy9NYXRoL1BhcGVycy9MaWJyYXJ5RGF2aWQvTWFoYWphbiwgVmluamF5IC0tIERldGVybWluYW50LnBkZgATAAEvAAAVAAIAC///AACABtIbHB0eWiRjbGFzc25hbWVYJGNsYXNzZXNdTlNNdXRhYmxlRGF0YaMdHyBWTlNEYXRhWE5TT2JqZWN00hscIiNcTlNEaWN0aW9uYXJ5oiIgXxAPTlNLZXllZEFyY2hpdmVy0SYnVHJvb3SAAQAIABEAGgAjAC0AMgA3AEAARgBNAFUAYABnAGoAbABuAHEAcwB1AHcAhACOAMYAywDTAuEC4wLoAvMC/AMKAw4DFQMeAyMDMAMzA0UDSANNAAAAAAAAAgEAAAAAAAAAKAAAAAAAAAAAAAAAAAAAA08=}}

@article{cook-rohe:99a,
	Author = {William Cook and Andre Rohe},
	Date-Added = {2013-12-08 13:32:11 -0500},
	Date-Modified = {2013-12-08 13:33:13 -0500},
	Keywords = {padicdet},
	Title = {Computing minimum weight perfect matchings},
	Bdsk-File-1 = {YnBsaXN0MDDUAQIDBAUGJCVYJHZlcnNpb25YJG9iamVjdHNZJGFyY2hpdmVyVCR0b3ASAAGGoKgHCBMUFRYaIVUkbnVsbNMJCgsMDxJXTlMua2V5c1pOUy5vYmplY3RzViRjbGFzc6INDoACgAOiEBGABIAFgAdccmVsYXRpdmVQYXRoWWFsaWFzRGF0YV8QTy4uLy4uL0xpYnJhcnlEYXZpZC9Db29rLCBSb2hlIC0tIENvbXB1dGluZyBNaW5pbXVtIFdlaWdodCBQZXJmZWN0IE1hdGNoaW5ncy5wZGbSFwsYGVdOUy5kYXRhTxECWAAAAAACWAACAAAMTWFjaW50b3NoIEhEAAAAAAAAAAAAAAAAAAAAx/78LkgrAAAB1S4XH0Nvb2ssIFJvaGUgLS0gQ29tcHV0aSM5NTQ5RS5wZGYAAAAAAAAAAAAAAAAAAAAAAAAAAAAAAAAAAAAAAAAAAAAJVJ7COYitUERGIHBydncAAgACAAAJIAAAAAAAAAAAAAAAAAAAAAxMaWJyYXJ5RGF2aWQAEAAIAADH/1COAAAAEQAIAADCOd0NAAAAAQAYAdUuFwAJUvUACVLzAAk2hQAJDdgAAAC4AAIAYE1hY2ludG9zaCBIRDpVc2VyczoAcm9lZDoARG9jdW1lbnRzOgBNYXRoOgBQYXBlcnM6AExpYnJhcnlEYXZpZDoAQ29vaywgUm9oZSAtLSBDb21wdXRpIzk1NDlFLnBkZgAOAHoAPABDAG8AbwBrACwAIABSAG8AaABlACAALQAtACAAQwBvAG0AcAB1AHQAaQBuAGcAIABNAGkAbgBpAG0AdQBtACAAVwBlAGkAZwBoAHQAIABQAGUAcgBmAGUAYwB0ACAATQBhAHQAYwBoAGkAbgBnAHMALgBwAGQAZgAPABoADABNAGEAYwBpAG4AdABvAHMAaAAgAEgARAASAGpVc2Vycy9yb2VkL0RvY3VtZW50cy9NYXRoL1BhcGVycy9MaWJyYXJ5RGF2aWQvQ29vaywgUm9oZSAtLSBDb21wdXRpbmcgTWluaW11bSBXZWlnaHQgUGVyZmVjdCBNYXRjaGluZ3MucGRmABMAAS8AABUAAgAL//8AAIAG0hscHR5aJGNsYXNzbmFtZVgkY2xhc3Nlc11OU011dGFibGVEYXRhox0fIFZOU0RhdGFYTlNPYmplY3TSGxwiI1xOU0RpY3Rpb25hcnmiIiBfEA9OU0tleWVkQXJjaGl2ZXLRJidUcm9vdIABAAgAEQAaACMALQAyADcAQABGAE0AVQBgAGcAagBsAG4AcQBzAHUAdwCEAI4A4ADlAO0DSQNLA1ADWwNkA3IDdgN9A4YDiwOYA5sDrQOwA7UAAAAAAAACAQAAAAAAAAAoAAAAAAAAAAAAAAAAAAADtw==}}

@article{cluckers-cunningham-gordon-spice:11a,
	Author = {Raf Cluckers and Clifton Cunningham and Julia Gordon and Loren Spice},
	Date-Added = {2013-11-15 19:08:11 -0700},
	Date-Modified = {2013-11-15 19:10:35 -0700},
	Journal = {Representation Theory},
	Keywords = {research-prop},
	Pages = {531-567},
	Title = {On the computability of some positive-depth characters near the identity},
	Volume = {15},
	Year = {2011}}

@electronic{trac:9977,
	Date = {2013},
	Date-Added = {2013-10-29 06:27:24 -0600},
	Date-Modified = {2013-10-29 06:28:22 -0600},
	Key = {Trac9977},
	Keywords = {research-prop},
	Title = {{Trac \#9977: Implement complex multiplication for points of CM elliptic curves}},
	Url = {http://trac.sagemath.org/ticket/9977},
	Bdsk-Url-1 = {http://trac.sagemath.org/ticket/9977}}

@inproceedings{nash-williams:69a,
	Address = {New York},
	Author = {Crispin Nash-Williams},
	Booktitle = {Recent progress in combinatorics (Proc. Third Waterloo Conf. on Combinatorics)},
	Date-Added = {2013-10-29 05:46:48 -0600},
	Date-Modified = {2013-10-29 05:49:03 -0600},
	Pages = {133-149},
	Publisher = {Academic Press},
	Title = {Well-balanced orientations on finite graphs and unobtrusive odd-vertex-pairings},
	Year = {1969}}

@electronic{trac:9293,
	Date = {2010},
	Date-Added = {2013-10-29 05:02:33 -0600},
	Date-Modified = {2013-10-29 06:02:28 -0600},
	Key = {Trac9293},
	Keywords = {research-prop},
	Title = {{Trac \#9293: Better expose GAP's character tables from Sage}},
	Url = {http://trac.sagemath.org/ticket/9293},
	Bdsk-Url-1 = {http://trac.sagemath.org/ticket/9293}}

@electronic{trac:7303,
	Date = {2010},
	Date-Added = {2013-10-29 04:59:46 -0600},
	Date-Modified = {2013-10-29 06:02:50 -0600},
	Key = {Trac7303},
	Keywords = {research-prop},
	Title = {{Trac \#7303: Nash-William theorem on orientation of graph}},
	Url = {http://trac.sagemath.org/ticket/7303},
	Bdsk-Url-1 = {http://trac.sagemath.org/ticket/7303}}

@electronic{trac:7368,
	Date = {2011},
	Date-Added = {2013-10-29 04:55:40 -0600},
	Date-Modified = {2013-10-29 06:02:50 -0600},
	Key = {Trac7368},
	Keywords = {research-prop},
	Title = {{Trac \#7368: Further work on isogenies and endomorphisms of elliptic curves}},
	Url = {http://trac.sagemath.org/ticket/7368},
	Bdsk-Url-1 = {http://trac.sagemath.org/ticket/7368}}

@article{buzzard-kilford:05a,
	Author = {Kevin Buzzard and Lloyd Kilford},
	Date-Added = {2013-10-28 02:37:23 -0600},
	Date-Modified = {2013-10-28 02:39:02 -0600},
	Journal = {Compositio Math.},
	Keywords = {eigencurve},
	Number = {3},
	Pages = {{605-619}},
	Title = {The 2-adic eigencurve at the boundary of weight space},
	Volume = {141},
	Year = {2005},
	Bdsk-File-1 = {YnBsaXN0MDDUAQIDBAUGJCVYJHZlcnNpb25YJG9iamVjdHNZJGFyY2hpdmVyVCR0b3ASAAGGoKgHCBMUFRYaIVUkbnVsbNMJCgsMDxJXTlMua2V5c1pOUy5vYmplY3RzViRjbGFzc6INDoACgAOiEBGABIAFgAdccmVsYXRpdmVQYXRoWWFsaWFzRGF0YV8QMS4uLy4uL0xpYnJhcnlEYXZpZC9CdXp6YXJkLEtpbGZvcmQtRWlnZW5jdXJ2ZS5wZGbSFwsYGVdOUy5kYXRhTxEB/gAAAAAB/gACAAAMTWFjaW50b3NoIEhEAAAAAAAAAAAAAAAAAAAAx/78LkgrAAAB1S4XHkJ1enphcmQsS2lsZm9yZC1FaWdlbmN1cnZlLnBkZgAAAAAAAAAAAAAAAAAAAAAAAAAAAAAAAAAAAAAAAAAAAAAJVJDBdBV0UERGIHBydncAAgACAAAJIAAAAAAAAAAAAAAAAAAAAAxMaWJyYXJ5RGF2aWQAEAAIAADH/1COAAAAEQAIAADBdHfkAAAAAQAYAdUuFwAJUvUACVLzAAk2hQAJDdgAAAC4AAIAX01hY2ludG9zaCBIRDpVc2VyczoAcm9lZDoARG9jdW1lbnRzOgBNYXRoOgBQYXBlcnM6AExpYnJhcnlEYXZpZDoAQnV6emFyZCxLaWxmb3JkLUVpZ2VuY3VydmUucGRmAAAOAD4AHgBCAHUAegB6AGEAcgBkACwASwBpAGwAZgBvAHIAZAAtAEUAaQBnAGUAbgBjAHUAcgB2AGUALgBwAGQAZgAPABoADABNAGEAYwBpAG4AdABvAHMAaAAgAEgARAASAExVc2Vycy9yb2VkL0RvY3VtZW50cy9NYXRoL1BhcGVycy9MaWJyYXJ5RGF2aWQvQnV6emFyZCxLaWxmb3JkLUVpZ2VuY3VydmUucGRmABMAAS8AABUAAgAL//8AAIAG0hscHR5aJGNsYXNzbmFtZVgkY2xhc3Nlc11OU011dGFibGVEYXRhox0fIFZOU0RhdGFYTlNPYmplY3TSGxwiI1xOU0RpY3Rpb25hcnmiIiBfEA9OU0tleWVkQXJjaGl2ZXLRJidUcm9vdIABAAgAEQAaACMALQAyADcAQABGAE0AVQBgAGcAagBsAG4AcQBzAHUAdwCEAI4AwgDHAM8C0QLTAtgC4wLsAvoC/gMFAw4DEwMgAyMDNQM4Az0AAAAAAAACAQAAAAAAAAAoAAAAAAAAAAAAAAAAAAADPw==}}

@phdthesis{smithline:thesis,
	Author = {Lawren Smithline},
	Date-Added = {2013-10-28 02:29:10 -0600},
	Date-Modified = {2014-02-14 23:03:22 +0000},
	Keywords = {eigencurve},
	School = {University of California at Berkeley},
	Title = {Slopes of $p$-adic modular forms},
	Year = {2000}}

@article{serre:62a,
	Author = {Jean-Pierre Serre},
	Date-Added = {2013-10-28 02:27:26 -0600},
	Date-Modified = {2013-10-28 02:28:39 -0600},
	Journal = {Publ. Math. I.H.E.S.},
	Keywords = {eigencurve},
	Number = {12},
	Pages = {{69-85}},
	Title = {{Completely continuous endomorphisms of $p$-adic Banach spaces}},
	Year = {1962}}

@unpublished{loeffler:pre08,
	Author = {David Loeffler},
	Date-Added = {2013-10-28 02:24:26 -0600},
	Date-Modified = {2013-10-28 02:25:43 -0600},
	Keywords = {eigencurve},
	Note = {Preprint at \url{homepages.warwick.ac.uk/~masiao/maths/3adicU.pdf}},
	Title = {Slopes of 3-adic overconvergent modular forms},
	Year = {2008}}

@phdthesis{jacobs:thesis,
	Author = {Daniel Jacobs},
	Date-Added = {2013-10-28 02:23:26 -0600},
	Date-Modified = {2013-10-28 02:23:58 -0600},
	Keywords = {eigencurve},
	School = {Imperial College},
	Title = {{Slopes of compact Hecke operators}},
	Year = {2003}}

@phdthesis{emerton:thesis,
	Author = {Matthew Emerton},
	Date-Added = {2013-10-28 02:21:07 -0600},
	Date-Modified = {2013-10-28 02:22:16 -0600},
	Keywords = {eigencurve},
	School = {Harvard University},
	Title = {2-adic modular forms of minimal slope},
	Year = {1998}}

@book{diamond-shurman:ModularForms,
	Address = {New York},
	Author = {Fred Diamond and Jerry Shurman},
	Booktitle = {A first course in modular forms},
	Date-Added = {2013-10-28 02:19:17 -0600},
	Date-Modified = {2013-10-28 02:20:32 -0600},
	Keywords = {eigencurve},
	Publisher = {Springer},
	Title = {A first course in modular forms},
	Year = {2005}}

@incollection{coleman-mazur:Eigencurve,
	Author = {Robert Coleman and Barry Mazur},
	Booktitle = {Galois representations in algebraic geometry},
	Date-Added = {2013-10-28 02:14:27 -0600},
	Date-Modified = {2013-10-28 02:19:07 -0600},
	Keywords = {eigencurve},
	Pages = {1-113},
	Publisher = {Cambridge UP},
	Series = {{London Math Soc. Lecture Note Ser., no. 254}},
	Title = {The eigencurve},
	Year = {1998},
	Bdsk-File-1 = {YnBsaXN0MDDUAQIDBAUGJCVYJHZlcnNpb25YJG9iamVjdHNZJGFyY2hpdmVyVCR0b3ASAAGGoKgHCBMUFRYaIVUkbnVsbNMJCgsMDxJXTlMua2V5c1pOUy5vYmplY3RzViRjbGFzc6INDoACgAOiEBGABIAFgAdccmVsYXRpdmVQYXRoWWFsaWFzRGF0YV8QMC4uLy4uL0xpYnJhcnlEYXZpZC9Db2xlbWFuLCBNYXp1ci1FaWdlbmN1cnZlLnBkZtIXCxgZV05TLmRhdGFPEQH6AAAAAAH6AAIAAAxNYWNpbnRvc2ggSEQAAAAAAAAAAAAAAAAAAADH/vwuSCsAAAHVLhcdQ29sZW1hbiwgTWF6dXItRWlnZW5jdXJ2ZS5wZGYAAAAAAAAAAAAAAAAAAAAAAAAAAAAAAAAAAAAAAAAAAAAAAAlUkcGWxsJQREYgcHJ2dwACAAIAAAkgAAAAAAAAAAAAAAAAAAAADExpYnJhcnlEYXZpZAAQAAgAAMf/UI4AAAARAAgAAMGXKTIAAAABABgB1S4XAAlS9QAJUvMACTaFAAkN2AAAALgAAgBeTWFjaW50b3NoIEhEOlVzZXJzOgByb2VkOgBEb2N1bWVudHM6AE1hdGg6AFBhcGVyczoATGlicmFyeURhdmlkOgBDb2xlbWFuLCBNYXp1ci1FaWdlbmN1cnZlLnBkZgAOADwAHQBDAG8AbABlAG0AYQBuACwAIABNAGEAegB1AHIALQBFAGkAZwBlAG4AYwB1AHIAdgBlAC4AcABkAGYADwAaAAwATQBhAGMAaQBuAHQAbwBzAGgAIABIAEQAEgBLVXNlcnMvcm9lZC9Eb2N1bWVudHMvTWF0aC9QYXBlcnMvTGlicmFyeURhdmlkL0NvbGVtYW4sIE1henVyLUVpZ2VuY3VydmUucGRmAAATAAEvAAAVAAIAC///AACABtIbHB0eWiRjbGFzc25hbWVYJGNsYXNzZXNdTlNNdXRhYmxlRGF0YaMdHyBWTlNEYXRhWE5TT2JqZWN00hscIiNcTlNEaWN0aW9uYXJ5oiIgXxAPTlNLZXllZEFyY2hpdmVy0SYnVHJvb3SAAQAIABEAGgAjAC0AMgA3AEAARgBNAFUAYABnAGoAbABuAHEAcwB1AHcAhACOAMEAxgDOAswCzgLTAt4C5wL1AvkDAAMJAw4DGwMeAzADMwM4AAAAAAAAAgEAAAAAAAAAKAAAAAAAAAAAAAAAAAAAAzo=}}

@article{coleman:97a,
	Author = {Robert Coleman},
	Date-Added = {2013-10-28 02:10:56 -0600},
	Date-Modified = {2013-10-28 02:13:31 -0600},
	Journal = {J. Th{\'e}or. Nombres Bordeaux},
	Keywords = {eigencurve},
	Number = {2},
	Pages = {{395-403}},
	Title = {Classical and overconvergent modular forms of higher level},
	Volume = {9},
	Year = {1997}}

@misc{buzzard:254z,
	Author = {Kevin Buzzard},
	Date-Added = {2013-10-28 02:07:02 -0600},
	Date-Modified = {2013-10-28 03:05:34 -0600},
	Keywords = {eigencurve},
	Title = {Harvard Course Math 254z},
	Url = {http://www.math.harvard.edu/ev/documents.html},
	Year = {2006},
	Bdsk-File-1 = {YnBsaXN0MDDUAQIDBAUGJCVYJHZlcnNpb25YJG9iamVjdHNZJGFyY2hpdmVyVCR0b3ASAAGGoKgHCBMUFRYaIVUkbnVsbNMJCgsMDxJXTlMua2V5c1pOUy5vYmplY3RzViRjbGFzc6INDoACgAOiEBGABIAFgAdccmVsYXRpdmVQYXRoWWFsaWFzRGF0YV8QMC4uLy4uL0xpYnJhcnlEYXZpZC9CdXp6YXJkIC0tIEVpZ2VuY3VydmUgKG5vdGVzKdIXCxgZV05TLmRhdGFPEQH6AAAAAAH6AAIAAQxNYWNpbnRvc2ggSEQAAAAAAAAAAAAAAAAAAADH/vwuSCsAAAHVLhcdQnV6emFyZCAtLSBFaWdlbmN1cnZlIChub3RlcykAAAAAAAAAAAAAAAAAAAAAAAAAAAAAAAAAAAAAAAAAAAAAAAlUgsQMh98AAAAAAAAAAAACAAIAAAkgAAAAAAAAAAAAAAAAAAAADExpYnJhcnlEYXZpZAAQAAgAAMf/UI4AAAARAAgAAMQM3D8AAAABABgB1S4XAAlS9QAJUvMACTaFAAkN2AAAALgAAgBeTWFjaW50b3NoIEhEOlVzZXJzOgByb2VkOgBEb2N1bWVudHM6AE1hdGg6AFBhcGVyczoATGlicmFyeURhdmlkOgBCdXp6YXJkIC0tIEVpZ2VuY3VydmUgKG5vdGVzKQAOADwAHQBCAHUAegB6AGEAcgBkACAALQAtACAARQBpAGcAZQBuAGMAdQByAHYAZQAgACgAbgBvAHQAZQBzACkADwAaAAwATQBhAGMAaQBuAHQAbwBzAGgAIABIAEQAEgBLVXNlcnMvcm9lZC9Eb2N1bWVudHMvTWF0aC9QYXBlcnMvTGlicmFyeURhdmlkL0J1enphcmQgLS0gRWlnZW5jdXJ2ZSAobm90ZXMpAAATAAEvAAAVAAIAC///AACABtIbHB0eWiRjbGFzc25hbWVYJGNsYXNzZXNdTlNNdXRhYmxlRGF0YaMdHyBWTlNEYXRhWE5TT2JqZWN00hscIiNcTlNEaWN0aW9uYXJ5oiIgXxAPTlNLZXllZEFyY2hpdmVy0SYnVHJvb3SAAQAIABEAGgAjAC0AMgA3AEAARgBNAFUAYABnAGoAbABuAHEAcwB1AHcAhACOAMEAxgDOAswCzgLTAt4C5wL1AvkDAAMJAw4DGwMeAzADMwM4AAAAAAAAAgEAAAAAAAAAKAAAAAAAAAAAAAAAAAAAAzo=},
	Bdsk-Url-1 = {http://www.math.harvard.edu/ev/documents.html}}

@article{buzzard-calegari:05a,
	Author = {Kevin Buzzard and Frank Calegari},
	Date-Added = {2013-10-28 02:05:33 -0600},
	Date-Modified = {2013-10-28 02:06:38 -0600},
	Journal = {Compositio Math.},
	Keywords = {eigencurve},
	Number = {3},
	Pages = {{591-604}},
	Title = {Slopes of overconvergent 2-adic modular forms},
	Volume = {141},
	Year = {2005},
	Bdsk-File-1 = {YnBsaXN0MDDUAQIDBAUGJCVYJHZlcnNpb25YJG9iamVjdHNZJGFyY2hpdmVyVCR0b3ASAAGGoKgHCBMUFRYaIVUkbnVsbNMJCgsMDxJXTlMua2V5c1pOUy5vYmplY3RzViRjbGFzc6INDoACgAOiEBGABIAFgAdccmVsYXRpdmVQYXRoWWFsaWFzRGF0YV8QVi4uLy4uL0xpYnJhcnlEYXZpZC9CdXp6YXJkLCBDYWxlZ2FyaS1TbG9wZXMgb2YgT3ZlcmNvbnZlcmdlbnQgMi1hZGljIG1vZHVsYXIgZm9ybXMucGRm0hcLGBlXTlMuZGF0YU8RAm4AAAAAAm4AAgAADE1hY2ludG9zaCBIRAAAAAAAAAAAAAAAAAAAAMf+/C5IKwAAAdUuFx9CdXp6YXJkLCBDYWxlZ2FyaS1TbG8jOTU0OEYucGRmAAAAAAAAAAAAAAAAAAAAAAAAAAAAAAAAAAAAAAAAAAAACVSPwZa6clBERiBwcnZ3AAIAAgAACSAAAAAAAAAAAAAAAAAAAAAMTGlicmFyeURhdmlkABAACAAAx/9QjgAAABEACAAAwZcc4gAAAAEAGAHVLhcACVL1AAlS8wAJNoUACQ3YAAAAuAACAGBNYWNpbnRvc2ggSEQ6VXNlcnM6AHJvZWQ6AERvY3VtZW50czoATWF0aDoAUGFwZXJzOgBMaWJyYXJ5RGF2aWQ6AEJ1enphcmQsIENhbGVnYXJpLVNsbyM5NTQ4Ri5wZGYADgCIAEMAQgB1AHoAegBhAHIAZAAsACAAQwBhAGwAZQBnAGEAcgBpAC0AUwBsAG8AcABlAHMAIABvAGYAIABPAHYAZQByAGMAbwBuAHYAZQByAGcAZQBuAHQAIAAyAC0AYQBkAGkAYwAgAG0AbwBkAHUAbABhAHIAIABmAG8AcgBtAHMALgBwAGQAZgAPABoADABNAGEAYwBpAG4AdABvAHMAaAAgAEgARAASAHFVc2Vycy9yb2VkL0RvY3VtZW50cy9NYXRoL1BhcGVycy9MaWJyYXJ5RGF2aWQvQnV6emFyZCwgQ2FsZWdhcmktU2xvcGVzIG9mIE92ZXJjb252ZXJnZW50IDItYWRpYyBtb2R1bGFyIGZvcm1zLnBkZgAAEwABLwAAFQACAAv//wAAgAbSGxwdHlokY2xhc3NuYW1lWCRjbGFzc2VzXU5TTXV0YWJsZURhdGGjHR8gVk5TRGF0YVhOU09iamVjdNIbHCIjXE5TRGljdGlvbmFyeaIiIF8QD05TS2V5ZWRBcmNoaXZlctEmJ1Ryb290gAEACAARABoAIwAtADIANwBAAEYATQBVAGAAZwBqAGwAbgBxAHMAdQB3AIQAjgDnAOwA9ANmA2gDbQN4A4EDjwOTA5oDowOoA7UDuAPKA80D0gAAAAAAAAIBAAAAAAAAACgAAAAAAAAAAAAAAAAAAAPU}}

@article{frenkel-gaitsgory:09a,
	Author = {Edward Frenkel and Dennis Gaitsgory},
	Date-Added = {2013-10-26 23:02:12 -0600},
	Date-Modified = {2013-10-26 23:09:16 -0600},
	Journal = {Represent. Theory},
	Keywords = {research-prop},
	Pages = {470-608},
	Title = {{D-modules on the affine flag variety and representations of affine Kac-Moody algebras}},
	Volume = {13},
	Year = {2009}}

@inproceedings{achar-cunningham-kamgarpour-roe-salmasian:12a,
	Address = {Banff, AB},
	Author = {Pramod Achar and Clifton Cunningham and Masoud Kamgarpour and David Roe and Hadi Salmasian},
	Booktitle = {Focused Research Groups},
	Date-Added = {2013-10-26 22:51:25 -0600},
	Date-Modified = {2013-10-30 16:19:32 -0600},
	Keywords = {research-prop},
	Note = {\url{http://www.birs.ca/workshops/2012/12frg163/report12frg163.pdf}},
	Publisher = {Banff International Research Station},
	Title = {Geometrization of Smooth Characters},
	Url = {http://www.birs.ca/workshops/2012/12frg163/report12frg163.pdf},
	Volume = {12frg163},
	Year = {2012},
	Bdsk-Url-1 = {http://www.birs.ca/workshops/2012/12frg163/report12frg163.pdf}}

@electronic{trac:12561,
	Author = {Brian Sinclair and Sebastian Pauli},
	Date = {2013},
	Date-Added = {2013-10-26 21:15:43 -0600},
	Date-Modified = {2013-10-26 21:35:04 -0600},
	Keywords = {research-prop},
	Title = {{Trac \#12561: factoring $p$-adic polynomials}},
	Url = {http://trac.sagemath.org/ticket/12561},
	Bdsk-Url-1 = {http://trac.sagemath.org/ticket/12561}}

@article{gan-takeda:11a,
	Author = {Wee Teck Gan and Shuichiro Takeda},
	Date-Added = {2013-10-26 19:28:36 -0600},
	Date-Modified = {2013-10-26 19:30:14 -0600},
	Journal = {Annals of Math},
	Keywords = {research-prop},
	Number = {3},
	Pages = {1841-1882},
	Title = {{The local Langlands conjecture for {$GSp(4)$}}},
	Volume = {173},
	Year = {2011}}

@book{arthur:EndoscopicClassification,
	Address = {Providence R.I.},
	Author = {James Arthur},
	Booktitle = {The endoscopic classification of representations: orthogonal and symplectic groups},
	Date-Added = {2013-10-26 19:22:57 -0600},
	Date-Modified = {2013-10-26 19:24:28 -0600},
	Keywords = {research-prop},
	Publisher = {American Math Society},
	Series = {Colloquium Publications (61)},
	Title = {The endoscopic classification of representations: orthogonal and symplectic groups},
	Year = {2013}}

@electronic{lmfdb,
	Author = {The {LMFDB Collaboration}},
	Date = {2013},
	Date-Added = {2013-10-26 06:17:51 -0600},
	Date-Modified = {2013-10-29 00:53:40 -0600},
	Key = {LMFDB},
	Keywords = {research-prop},
	Title = {L-functions and modular forms database},
	Url = {http://www.lmfdb.org},
	Bdsk-Url-1 = {http://www.lmfdb.org}}

@electronic{cremona:curves,
	Author = {John Cremona},
	Date-Added = {2013-10-26 06:12:57 -0600},
	Date-Modified = {2013-10-26 06:14:19 -0600},
	Keywords = {research-prop},
	Title = {Elliptic curve data},
	Url = {http://homepages.warwick.ac.uk/~masgaj/ftp/data/},
	Urldate = {2013},
	Year = {2012},
	Bdsk-Url-1 = {http://homepages.warwick.ac.uk/~masgaj/ftp/data/}}

@unpublished{hoshi-yamasaki:12a,
	Author = {Akinari Hoshi and Aiichi Yamasaki},
	Date-Added = {2013-10-26 05:50:40 -0600},
	Date-Modified = {2013-10-26 22:33:35 -0600},
	Keywords = {research-prop},
	Note = {arXiv 1210.4525 [math.AG]},
	Title = {Rationality problem for algebraic tori},
	Year = {2012}}

@unpublished{harron-pollack:13a,
	Author = {Evan Dummit and Marton Hablicsek and Robert Harron and Lalit Jain and Robert Pollack and Daniel Ross},
	Date-Added = {2013-10-26 05:20:12 -0600},
	Date-Modified = {2013-10-26 17:45:56 -0600},
	Keywords = {research-prop},
	Note = {In preparation},
	Title = {{Explicit computations of Hida families via overconvergent modular symbols}},
	Year = {2013}}

@article{darmon:06a,
	Author = {Henri Darmon},
	Date-Added = {2013-10-26 03:42:53 -0600},
	Date-Modified = {2013-10-26 03:44:04 -0600},
	Journal = {Israel J. Math.},
	Keywords = {research-prop},
	Pages = {319-354},
	Title = {{Efficient calculation of Stark-Heegner points via overconvergent modular symbols}},
	Volume = {153},
	Year = {2006}}

@article{pollack-stevens:11a,
	Author = {Rob Pollack and Glenn Stevens},
	Date-Added = {2013-10-26 03:32:46 -0600},
	Date-Modified = {2013-10-26 18:49:35 -0600},
	Journal = {Annales scientifiques de l'ENS},
	Keywords = {research-prop},
	Number = {1},
	Pages = {1-42},
	Title = {{Overconvergent modular symbols and $p$-adic {$L$}-functions}},
	Volume = {44},
	Year = {2011}}

@electronic{OMS,
	Author = {{Rob Pollack, Rob Harron, David Roe, et al}},
	Date-Added = {2013-10-26 01:06:47 -0600},
	Date-Modified = {2013-10-26 01:24:14 -0600},
	Keywords = {research-prop},
	Title = {Overconvergent Modular Symbols},
	Url = {https://github.com/roed314/OMS},
	Urldate = {October 2013},
	Bdsk-Url-1 = {https://github.com/roed314/OMS}}

@article{lusztig:85b,
	Author = {George Lusztig},
	Date-Added = {2013-10-25 12:55:18 -0600},
	Date-Modified = {2013-10-25 12:56:38 -0600},
	Journal = {Advances in Math.},
	Keywords = {research-prop},
	Number = {3},
	Pages = {266-315},
	Title = {{Character sheaves, III}},
	Volume = {57},
	Year = {1985}}

@article{deligne-lusztig:76a,
	Author = {Pierre Deligne and George Lusztig},
	Date-Added = {2013-10-24 18:36:01 -0600},
	Date-Modified = {2013-10-24 18:37:22 -0600},
	Journal = {Annals of Math (2)},
	Keywords = {research-prop},
	Pages = {103-161},
	Title = {Representations of reductive groups over finite fields},
	Volume = {103},
	Year = {1976}}

@unpublished{adrian-roe:13a,
	Author = {Moshe Adrian and David Roe},
	Date-Added = {2013-10-24 14:48:44 -0600},
	Date-Modified = {2013-10-26 20:36:50 -0600},
	Keywords = {research-prop},
	Note = {ArXiv:1307.0469 [math.RT]},
	Title = {{Rectifiers and the local Langlands correspondence: the unramified case}},
	Year = {2013}}

@unpublished{cunningham-roe:13a,
	Author = {Clifton Cunningham and David Roe},
	Date-Added = {2013-10-24 14:44:58 -0600},
	Date-Modified = {2013-10-26 22:36:32 -0600},
	Keywords = {research-prop},
	Note = {arXiv:1310.2988 [math.AG]},
	Title = {A function-sheaf dictionary for algebraic tori over local fields},
	Year = {2013}}

@book{kashiwara-schapira:CatgoriesSheaves,
	Author = {Kashiwara, Masaki and Schapira, Pierre},
	Date-Added = {2013-10-03 20:40:58 +0000},
	Date-Modified = {2013-10-03 20:43:38 +0000},
	Keywords = {qcsheaves},
	Publisher = {{Springer-Verlag}},
	Series = {Grundlehren der Mathematischen Wissenschaften 332},
	Title = {Categories and Sheaves},
	Year = {2006}}

@article{waldspurger:01,
	Author = {Waldspurger, Jean-Loup},
	Date-Added = {2013-10-03 19:04:21 +0000},
	Date-Modified = {2013-10-03 19:05:30 +0000},
	Journal = {Ast\'erisque},
	Number = {269},
	Title = {Int\'egrales orbitales nilpotentes et endoscopie pour les groupes classiques non ramifi\'es},
	Year = {2001}}

@book{brown:CohomologyGrps,
	Address = {New York},
	Author = {Kenneth S. Brown},
	Date-Added = {2013-10-03 11:47:33 -0600},
	Date-Modified = {2013-10-03 11:49:49 -0600},
	Keywords = {qcsheaves},
	Publisher = {{Springer-Verlag}},
	Series = {Graduate Texts in Mathematics 87},
	Title = {Cohomology of groups},
	Year = {1982}}

@book{SGA5,
	Author = {Grothendieck, Alexandre},
	Date-Added = {2013-09-24 16:34:03 +0000},
	Date-Modified = {2013-09-24 16:46:16 +0000},
	Publisher = {{Springer-Verlag}},
	Series = {{Lecture Notes in Mathematics}},
	Title = {{S\'eminaire de G\'eom\'etrie Alg\'ebrique du Bois Marie 1965--66 SGA5: Cohomologie $\ell$-adique et Fonctions L}},
	Volume = {589},
	Year = {1977}}

@article{Warfield:Decomposability,
	Author = {Warfield, R. B., Jr.},
	Date-Added = {2013-09-20 22:34:07 +0000},
	Date-Modified = {2013-09-20 22:35:19 +0000},
	Journal = {Proc. Amer. Math. Soc.},
	Pages = {167--172},
	Title = {Decomposability of finitely presented modules},
	Volume = {25},
	Year = {1970}}

@article{EGAIV2,
	Author = {Grothendieck, A.},
	Date-Added = {2013-09-20 06:02:10 +0000},
	Date-Modified = {2013-09-20 06:21:07 +0000},
	Journal = {Inst. Hautes \'Etudes Sci. Publ. Math.},
	Number = {24},
	Title = {{\'El\'ements de g\'eom\'etrie alg\'ebrique. IV. \'Etude locale des sch\'emas et des morphismes de sch\'emas. II}},
	Year = {1965}}

@article{lusztig:disconnected1,
	Author = {George Lusztig},
	Date-Added = {2013-08-19 19:42:54 +0000},
	Date-Modified = {2013-08-19 19:44:19 +0000},
	Journal = {Representation Theory},
	Pages = {374--403},
	Title = {{Character sheaves on disconnected groups. I}},
	Volume = {7},
	Year = {2003}}

@misc{stacks-project,
	Author = {{The {Stacks Project Authors}}},
	Booktitle = {{\itshape Stacks Project}},
	Date-Added = {2013-08-18 07:01:21 -0600},
	Date-Modified = {2013-08-18 07:03:29 -0600},
	Keywords = {qcsheaves},
	Title = {{\itshape Stacks Project}},
	Url = {http://stacks.math.columbia.edu},
	Year = {2013},
	Bdsk-Url-1 = {http://stacks.math.columbia.edu}}

@article{greenberg:61,
	Author = {Marvin J. Greenberg},
	Date-Added = {2013-08-17 19:09:36 +0000},
	Date-Modified = {2013-08-17 19:13:15 +0000},
	Journal = {Annals of Math},
	Number = {2},
	Pages = {624--648},
	Title = {{Schemata over local rings I}},
	Volume = {73},
	Year = {1961}}

@book{demazure-gabriel:GroupesAlgebriques,
	Address = {Paris},
	Author = {Michel Demazure and Pierre Gabriel},
	Booktitle = {{Groupes alg\'ebriques. Tome 1: G\'eom\'etrie alg\'ebrique, g\'en\'eralit\'es, groupes commutatifs}},
	Date-Added = {2013-08-15 19:47:42 -0600},
	Date-Modified = {2013-08-15 19:56:02 -0600},
	Keywords = {qcsheaves},
	Note = {(Appendix: Michiel Hazewinkel, Corps de classes local)},
	Publisher = {{Masson \& Cie}},
	Title = {{Groupes alg\'ebriques. Tome 1: G\'eom\'etrie alg\'ebrique, g\'en\'eralit\'es, groupes commutatifs}},
	Year = {1970}}

@article{serre:61a,
	Author = {Jean-Pierre Serre},
	Date-Added = {2013-08-15 19:45:04 -0600},
	Date-Modified = {2013-08-15 19:46:03 -0600},
	Journal = {Bull. Soc. Math. France},
	Keywords = {qcsheaves},
	Pages = {105-154},
	Title = {{Sur les corps locaux \`a corps r\'esiduel alg\'ebriquement clos}},
	Volume = {89},
	Year = {1961}}

@article{serre:60a,
	Author = {Jean-Pierre Serre},
	Date-Added = {2013-08-15 19:43:21 -0600},
	Date-Modified = {2013-08-15 19:44:17 -0600},
	Journal = {{Inst. Hautes \'Etudes Sci. Publ. Math.}},
	Keywords = {qcsheaves},
	Title = {{Groupes proalg\'ebriques}},
	Volume = {7},
	Year = {1960}}

@article{lusztig:85a,
	Author = {George Lusztig},
	Date-Added = {2013-08-15 19:15:25 -0600},
	Date-Modified = {2013-08-25 21:17:13 +0000},
	Journal = {Advances in Math.},
	Keywords = {qcsheaves},
	Pages = {193-237},
	Title = {{Character Sheaves, I}},
	Volume = {56},
	Year = {1985}}

@unpublished{etingof:09a,
	Author = {Pavel Etingof and Shlomo Gelaki and Dmitri Nikshych and Victor Ostrik},
	Date-Added = {2013-08-15 21:49:51 +0000},
	Date-Modified = {2013-08-15 18:30:15 -0600},
	Keywords = {qcsheaves},
	Note = {{Lecture notes for MIT's 18.769}},
	Title = {Tensor Categories},
	Url = {www-math.mit.edu/~etingof/tenscat.pdf},
	Year = {2009},
	Bdsk-Url-1 = {www-math.mit.edu/~etingof/tenscat.pdf}}

@inproceedings{suzuki-yoshida:12a,
	Address = {Kyoto},
	Author = {Takashi Suzuki and Manabu Yoshida},
	Booktitle = {{Algebraic number theory and related topics}},
	Date-Added = {2013-08-15 13:37:04 -0600},
	Date-Modified = {2013-08-15 13:39:21 -0600},
	Keywords = {qcsheaves},
	Pages = {163-191},
	Publisher = {{Res. Inst. Math. Sci. (RIMS)}},
	Series = {{RIMS K\^oky\^uroku Bessatsu, B32}},
	Title = {{A refinement of the local class field theory of Serre and Hazewinkel}},
	Year = {2012}}

@unpublished{vdGeer-Moonen:AbelianVarieties,
	Author = {Geer, Gerard van der and Ben Moonen},
	Date-Added = {2013-08-15 02:35:00 -0600},
	Date-Modified = {2013-08-17 14:24:01 -0600},
	Keywords = {qcsheaves},
	Note = {Writing in progress.},
	Title = {{Abelian varieties}},
	Url = {{http://staff.science.uva.nl/$\sim$bmoonen/boek/BookAV.html}},
	Urldate = {August 2013},
	Year = {2013},
	Bdsk-Url-1 = {%7Bhttp://staff.science.uva.nl/$%5Csim$bmoonen/boek/BookAV.html%7D}}

@inproceedings{tate:67a,
	Address = {Washington, D.C.},
	Author = {John Tate},
	Booktitle = {{Algebraic Number Theory (Proc. Instructional Conf., Brighton, 1965)}},
	Date-Added = {2013-08-15 02:32:35 -0600},
	Date-Modified = {2013-08-15 02:34:40 -0600},
	Keywords = {qcsheaves},
	Pages = {305-347},
	Publisher = {Thompson},
	Title = {{Fourier analysis in number fields, and Hecke's zeta-functions}},
	Year = {1967}}

@article{stasinski:12a,
	Author = {Alexander Stasinski},
	Date-Added = {2013-08-15 02:30:44 -0600},
	Date-Modified = {2013-08-15 02:31:52 -0600},
	Journal = {{J. Pure Appl. Algebra}},
	Keywords = {qcsheaves},
	Number = {5},
	Pages = {1092-1101},
	Title = {{Reductive group schemes, the Greenberg functor, and associated algebraic groups}},
	Volume = {216},
	Year = {2012}}

@book{deligne-katz:SGA7.2,
	Address = {Berlin},
	Author = {Pierre Deligne and Nicholas Katz},
	Booktitle = {{Groupes de monodromie en g\'eom\'etrie alg\'ebrique. II}},
	Date-Added = {2013-08-15 02:28:16 -0600},
	Date-Modified = {2013-08-15 12:59:03 -0600},
	Keywords = {qcsheaves},
	Publisher = {{Springer-Verlag}},
	Series = {{Lecture Notes in Mathematics}},
	Title = {{Groupes de monodromie en g\'eom\'etrie alg\'ebrique. II}},
	Volume = {340},
	Year = {1973}}

@book{deligne:SGA4.5,
	Address = {Berlin},
	Author = {Pierre Deligne},
	Date-Added = {2013-08-15 02:25:43 -0600},
	Date-Modified = {2013-08-15 18:31:31 -0600},
	Keywords = {qcsheaves},
	Publisher = {{Springer-Verlag}},
	Series = {{Lecture Notes in Mathematics 569}},
	Title = {{Cohomologie \'etale}},
	Year = {1977}}

@article{laumon:87a,
	Author = {G\'erard Laumon},
	Date-Added = {2013-08-15 02:23:44 -0600},
	Date-Modified = {2013-08-17 13:59:57 -0600},
	Journal = {{Inst. Hautes \'Etudes Sci. Publ. Math.}},
	Keywords = {qcsheaves},
	Pages = {131-210},
	Title = {{Transformation de Fourier, constantes d'\'equations fonctionnelles et conjecture de Weil}},
	Volume = {65},
	Year = {1987}}

@article{kamgarpour:09a,
	Author = {Masoud Kamgarpour},
	Date-Added = {2013-08-15 02:22:09 -0600},
	Date-Modified = {2013-08-15 02:23:06 -0600},
	Journal = {{Transform. Groups}},
	Keywords = {qcsheaves},
	Number = {4},
	Pages = {825-846},
	Title = {{Stacky abelianization of algebraic groups}},
	Volume = {14},
	Year = {2009}}

@book{grothendieck:SGA1,
	Address = {Paris},
	Author = {Alexander Grothendieck},
	Booktitle = {{Rev\^etements \'etales et groupe fondamental (SGA 1)}},
	Date-Added = {2013-08-15 01:58:46 -0600},
	Date-Modified = {2013-08-15 13:36:45 -0600},
	Keywords = {qcsheaves},
	Publisher = {{Institut des Hautes \'Etudes Scientifiques}},
	Series = {{S\'eminaire de G\'eom\'etrie Alg\'ebrique}},
	Title = {{Rev\^etements \'etales et groupe fondamental (SGA 1)}},
	Year = {1963}}

@article{greenberg:63a,
	Author = {Marvin J. Greenberg},
	Date-Added = {2013-08-14 17:05:49 -0600},
	Date-Modified = {2013-08-15 17:12:37 -0600},
	Journal = {Annals of Math},
	Keywords = {qcsheaves},
	Number = {2},
	Pages = {256-266},
	Title = {{Schemata over local rings II}},
	Volume = {78},
	Year = {1963}}

@inproceedings{deligne:84a,
	Address = {Paris},
	Author = {Pierre Deligne},
	Booktitle = {{Representations of reductive groups over a local field}},
	Date-Added = {2013-08-14 17:02:41 -0600},
	Date-Modified = {2013-08-14 17:05:10 -0600},
	Keywords = {qcsheaves},
	Pages = {119-157},
	Publisher = {{Hermann}},
	Series = {{Travaux en Cours}},
	Title = {{Les corps locaux de caract\'eristique $p$, limites de corps locaux de caract\'eristique $0$}},
	Year = {1984}}

@article{deligne:80a,
	Author = {Pierre Deligne},
	Date-Added = {2013-08-14 17:01:20 -0600},
	Date-Modified = {2013-08-15 17:11:14 -0600},
	Journal = {{Inst. Hautes \'Etudes Sci. Publ. Math.}},
	Keywords = {qcsheaves},
	Pages = {137-252},
	Title = {{La conjecture de Weil II}},
	Volume = {52},
	Year = {1980}}

@article{deligne:02a,
	Author = {Pierre Deligne},
	Date-Added = {2013-08-14 17:00:07 -0600},
	Date-Modified = {2013-08-14 17:00:54 -0600},
	Journal = {{Mosc. Math. J.}},
	Keywords = {qcsheaves},
	Number = {2},
	Pages = {227-248},
	Title = {{Cat\'egories tensorielles}},
	Volume = {2},
	Year = {2002}}

@article{chai-yu:01a,
	Author = {Ching-Li Chai and Jiu-Kang Yu},
	Date-Added = {2013-08-14 16:58:35 -0600},
	Date-Modified = {2013-08-14 16:59:34 -0600},
	Journal = {Annals of Math},
	Keywords = {qcsheaves},
	Number = {2},
	Pages = {347-382},
	Title = {{Congruences of N\'eron models for tori and the Artin conductor}},
	Volume = {154},
	Year = {2001}}

@article{chai:00a,
	Author = {Ching-Li Chai},
	Date-Added = {2013-08-14 16:56:44 -0600},
	Date-Modified = {2013-08-14 16:57:43 -0600},
	Journal = {Asian J. Math.},
	Keywords = {qcsheaves},
	Number = {4},
	Pages = {715-736},
	Title = {{N\'eron models for semiabelian varieties: congruence and change of base field}},
	Volume = {4},
	Year = {2000}}

@book{brandal:CommRingsFGModDecompose,
	Author = {Willy Brandal},
	Booktitle = {{Commutative rings whose finitely generated modules decompose}},
	Date-Added = {2013-08-14 16:54:43 -0600},
	Date-Modified = {2013-08-15 18:31:07 -0600},
	Keywords = {qcsheaves},
	Publisher = {{Springer-Verlag}},
	Series = {Lecture Notes in Mathematics 723},
	Title = {{Commutative rings whose finitely generated modules decompose}},
	Year = {1979}}

@inproceedings{beilinson-bernstein-deligne:81a,
	Address = {Paris},
	Author = {Alexander Be{\u\i}linson and Joseph Bernstein and Pierre Deligne},
	Booktitle = {Analyse et topologie sur les espaces singuliers (I)},
	Date-Added = {2013-08-14 16:45:17 -0600},
	Date-Modified = {2013-10-08 12:19:51 -0600},
	Keywords = {qcsheaves},
	Pages = {5-171},
	Publisher = {Soc. Math. France},
	Series = {{Ast\'erisque 100}},
	Title = {Faisceaux pervers},
	Year = {1982}}

@unpublished{zaremsky:ppa,
	Author = {Matthew Zaremsky},
	Date-Added = {2013-06-28 17:36:53 +0800},
	Date-Modified = {2013-06-28 20:54:08 +0800},
	Keywords = {rectifiers},
	Note = {Preprint, arXiv:1109.5487},
	Title = {{Representatives of elliptic Weyl group elements in algebraic groups}},
	Year = {2011}}

@article{xarles:93a,
	Author = {Xavier Xarles},
	Date-Added = {2013-06-28 17:35:35 +0800},
	Date-Modified = {2013-06-28 20:39:57 +0800},
	Journal = {J. Reine Angew. Math.},
	Keywords = {rectifiers},
	Pages = {167-180},
	Title = {{The scheme of connected components of the N\'eron model of an algebraic torus}},
	Volume = {437},
	Year = {1993}}

@article{tits:66a,
	Author = {Jacques Tits},
	Date-Added = {2013-06-28 17:34:26 +0800},
	Date-Modified = {2013-06-28 17:35:24 +0800},
	Journal = {J. Algebra},
	Keywords = {rectifiers},
	Pages = {96-116},
	Title = {Normalisateurs de tores},
	Volume = {4},
	Year = {1966}}

@incollection{atiyah-wall:CohomologyGrps,
	Address = {London},
	Author = {Michael Atiyah and Charles Wall},
	Booktitle = {{Algebraic number theory}},
	Date-Added = {2013-06-28 17:31:22 +0800},
	Date-Modified = {2013-06-28 20:25:47 +0800},
	Editor = {John W. S. Cassels and Albrecht Frohlich},
	Keywords = {rectifiers},
	Pages = {84-115},
	Publisher = {Academic Press},
	Title = {Cohomology of groups},
	Year = {1967}}

@book{serre:AlgGrpsClassFields,
	Address = {New York},
	Author = {Jean-Pierre Serre},
	Booktitle = {Algebraic Groups and Class Fields},
	Date-Added = {2013-06-28 17:28:55 +0800},
	Date-Modified = {2013-06-28 20:53:41 +0800},
	Keywords = {rectifiers},
	Publisher = {Springer-Verlag},
	Series = {Graduate Texts in Mathematics 117},
	Title = {{Algebraic groups and class fields}},
	Year = {1988}}

@article{reeder:08a,
	Author = {Mark Reeder},
	Date-Added = {2013-06-28 17:27:31 +0800},
	Date-Modified = {2013-06-28 20:34:08 +0800},
	Journal = {J. Reine Angew. Math.},
	Keywords = {rectifiers},
	Pages = {1-33},
	Title = {{Supercuspidal $L$-packets of positive depth and twisted Coxeter elements}},
	Volume = {620},
	Year = {2008}}

@inproceedings{murnaghan:11,
	Author = {Fiona Murnaghan},
	Booktitle = {On certain $L$-functions: a volume in honor of Freydoon Shahidi on the occasion of his 60th birthday},
	Date-Added = {2013-06-28 17:23:04 +0800},
	Date-Modified = {2013-06-28 20:52:05 +0800},
	Editor = {James Arthur and James W. Cogdell and Stephen Gelbart and David Goldberg and Dinakar Ramakrishnan},
	Keywords = {rectifiers},
	Pages = {439-470},
	Series = {Clay Math Proc. 13},
	Title = {Parametrization of tame supercuspidal representations},
	Year = {2011}}

@article{kaletha:13a,
	Author = {Tasho Kaletha},
	Date-Added = {2013-06-28 17:21:32 +0800},
	Date-Modified = {2013-06-28 20:30:14 +0800},
	Journal = {J. Inst. Math. Jussieu},
	Keywords = {rectifiers},
	Number = {1},
	Pages = {43-75},
	Title = {{Simple wild $L$-packets}},
	Volume = {12},
	Year = {2013}}

@book{humphreys:LinAlgGrps,
	Author = {James E. Humphreys},
	Booktitle = {Linear Algebraic Groups},
	Date-Added = {2013-06-28 17:20:24 +0800},
	Date-Modified = {2013-06-28 20:48:02 +0800},
	Keywords = {rectifiers},
	Publisher = {Springer-Verlag},
	Series = {Graduate Texts in Mathematics 21},
	Title = {{Linear algebraic groups}},
	Year = {1975}}

@article{howe:77a,
	Author = {Roger Howe},
	Date-Added = {2013-06-28 17:19:10 +0800},
	Date-Modified = {2013-06-28 20:04:49 +0800},
	Journal = {Pacific J. Math.},
	Keywords = {rectifiers},
	Pages = {437-460},
	Title = {{Tamely ramified supercuspidal representations of $GL_n(F)$}},
	Volume = {73},
	Year = {1997}}

@phdthesis{tam:12a,
	Author = {Geo Kam-Fai Tam},
	Date-Added = {2013-06-28 17:17:58 +0800},
	Date-Modified = {2013-06-28 17:18:37 +0800},
	Keywords = {rectifiers},
	School = {University of Toronto},
	Title = {Transfer relations in essentially tame local Langlands correspondence},
	Year = {2012}}

@book{bushnell-kutzko:AdmissibleDual,
	Author = {Colin Bushnell and Phil Kutzko},
	Booktitle = {{The admissible dual of $GL(n)$ via compact open subgroups}},
	Date-Added = {2013-06-28 17:15:15 +0800},
	Date-Modified = {2013-06-28 20:44:19 +0800},
	Keywords = {rectifiers},
	Publisher = {Princeton U.P.},
	Series = {Ann. Math. Studies 129},
	Title = {{The admissible dual of $GL(n)$ via compact open subgroups}},
	Year = {1993}}

@article{bushnell-henniart:10a,
	Author = {Colin Bushnell and Guy Henniart},
	Date-Added = {2013-06-28 17:13:38 +0800},
	Date-Modified = {2013-06-28 19:59:01 +0800},
	Journal = {Proc. Lond. Math. Soc.},
	Keywords = {rectifiers},
	Number = {2},
	Pages = {497-553},
	Title = {{The essentially tame local Langlands correspondence, III: the general case}},
	Volume = {101},
	Year = {2010}}

@article{bushnell-henniart:05a,
	Author = {Colin Bushnell and Guy Henniart},
	Date-Added = {2013-06-28 17:12:09 +0800},
	Date-Modified = {2013-06-28 19:59:07 +0800},
	Journal = {Compositio Math.},
	Keywords = {rectifiers},
	Pages = {979-1011},
	Title = {{The essentially tame local Langlands correspondence, II: totally ramified representations}},
	Volume = {141},
	Year = {2005}}

@incollection{serre:LocalClassFieldThy,
	Address = {London},
	Author = {Jean-Pierre Serre},
	Booktitle = {{Algebraic number theory}},
	Date-Added = {2013-06-28 17:08:47 +0800},
	Date-Modified = {2013-06-28 20:36:06 +0800},
	Editor = {John W. S. Cassels and Albrecht Frohlich},
	Keywords = {rectifiers},
	Pages = {129-162},
	Publisher = {Academic Press},
	Title = {Local Class Field Theory},
	Year = {1967}}

@unpublished{adrian-lansky:ppa,
	Author = {Moshe Adrian and Joshua Lansky},
	Date-Added = {2013-06-28 17:04:54 +0800},
	Date-Modified = {2013-06-28 19:52:34 +0800},
	Keywords = {rectifiers},
	Note = {Preprint, arXiv:1209.6045},
	Title = {{A real groups construction of the tame local Langlands correspondence for $PGSp(4,F)$}},
	Year = {2012}}

@article{adrian:13a,
	Author = {Moshe Adrian},
	Date-Added = {2013-06-28 17:03:35 +0800},
	Date-Modified = {2013-06-28 19:52:23 +0800},
	Journal = {Journal of Number Theory},
	Keywords = {rectifiers},
	Pages = {446-474},
	Title = {{A new realization of the Langlands correspondence for $PGL(2,F)$}},
	Volume = {133},
	Year = {2013}}

@article{adler:98a,
	Author = {Jeffrey Adler},
	Date-Added = {2013-06-28 17:00:13 +0800},
	Date-Modified = {2013-06-28 20:41:24 +0800},
	Journal = {Pacific J. Math.},
	Keywords = {rectifiers},
	Pages = {1-32},
	Title = {{Refined anisotropic $K$-types and supercuspidal representations}},
	Year = {1998}}

@unpublished{bushnell-henniart:11a,
	Author = {Colin Bushnell and Guy Henniart},
	Date-Added = {2011-05-02 05:32:41 -0400},
	Date-Modified = {2011-05-02 05:34:52 -0400},
	Keywords = {thesis},
	Note = {ArXiv:1103.5316v1},
	Title = {{To an effective local Langlands correspondence}},
	Year = {2011}}

@book{humphreys:95a,
	Address = {Providence R.I.},
	Author = {James E. Humphreys},
	Booktitle = {Conjugacy Classes in Semisimple Algebraic Groups},
	Date-Added = {2011-05-02 01:44:11 -0400},
	Date-Modified = {2011-05-02 01:45:36 -0400},
	Keywords = {thesis},
	Publisher = {American Math Society},
	Title = {Conjugacy Classes in Semisimple Algebraic Groups},
	Year = {1995}}

@article{lang:56a,
	Author = {Serge Lang},
	Date-Added = {2011-04-29 07:40:37 -0400},
	Date-Modified = {2013-10-03 13:19:50 -0600},
	Journal = {Amer. J. Math.},
	Keywords = {thesis, rectifiers, qcsheaves},
	Pages = {555-563},
	Title = {Algebraic Groups over Finite Fields},
	Volume = {78},
	Year = {1956}}

@article{jacquet:75a,
	Author = {Herve Jacquet},
	Date-Added = {2011-04-29 07:18:17 -0400},
	Date-Modified = {2011-04-29 07:19:56 -0400},
	Journal = {C. R. Acad. Sci. Paris},
	Keywords = {thesis},
	Pages = {1271-1272},
	Title = {Sur les repr\'esentations des groupes r\'eductifs p-adiques},
	Volume = {280},
	Year = {1975}}

@article{johnson:68a,
	Author = {Arnold Johnson},
	Date-Added = {2011-03-31 09:41:42 -0400},
	Date-Modified = {2011-03-31 09:44:06 -0400},
	Journal = {Journ. reine u. angewandte},
	Keywords = {thesis},
	Pages = {57-80},
	Title = {Integral Representations of Hermitian Forms Over Local Fields},
	Volume = {229},
	Year = {1968}}

@article{haines-rapoport:08a,
	Author = {Thomas Haines and Michael Rapoport},
	Date-Added = {2011-03-30 09:37:10 -0400},
	Date-Modified = {2011-03-30 09:38:23 -0400},
	Journal = {Advances in Math.},
	Keywords = {thesis},
	Number = {1},
	Pages = {188-198},
	Title = {On Parahoric Subgroups},
	Volume = {219},
	Year = {2008}}

@book{steinberg:EndomorphismsOfLinearAlgebraicGroups,
	Address = {Providence R.I.},
	Author = {Robert Steinberg},
	Booktitle = {Endomorphisms of Linear Algebraic Groups},
	Date-Added = {2011-03-29 10:10:01 -0400},
	Date-Modified = {2011-03-29 10:12:58 -0400},
	Keywords = {thesis},
	Number = {80},
	Publisher = {American Math Society},
	Series = {Memoirs of the AMS},
	Title = {Endomorphisms of Linear Algebraic Groups},
	Year = {1968}}

@book{collingwood-mcgovern:NilpotentOrbits,
	Address = {New York},
	Author = {David H. Collingwood and William M. McGovern},
	Booktitle = {Nilpotent Orbits in Semisimple Lie Algebras: An Introduction},
	Date-Added = {2011-03-28 04:21:23 -0400},
	Date-Modified = {2011-03-28 04:24:03 -0400},
	Keywords = {thesis},
	Publisher = {Chapman and Hall/CRC},
	Title = {Nilpotent Orbits in Semisimple Lie Algebras: An Introduction},
	Year = {1993}}

@article{henniart:84a,
	Author = {Guy Henniart},
	Date-Added = {2011-03-23 23:29:40 -0400},
	Date-Modified = {2011-03-23 23:32:26 -0400},
	Journal = {M\'emoires S.M.F.},
	Keywords = {thesis},
	Title = {{La conjecture de Langlands locale pour $\GL(3)$}},
	Volume = {11/12},
	Year = {1984}}

@unpublished{scholze:10a,
	Author = {Peter Scholze},
	Date-Added = {2011-03-23 23:17:37 -0400},
	Date-Modified = {2011-03-23 23:18:32 -0400},
	Keywords = {thesis},
	Note = {Preprint},
	Title = {{The local Langlands correspondence for $\GL_n$ over $p$-adic fields}},
	Year = {2010}}

@unpublished{hiraga-saito:08a,
	Author = {Kaoru Hiraga and Hiroshi Saito},
	Date-Added = {2011-03-23 19:55:19 -0400},
	Date-Modified = {2011-04-29 14:26:48 -0400},
	Keywords = {thesis},
	Note = {Preprint},
	Title = {{On L-packets for inner forms of $\SL_n$}},
	Year = {2008}}

@unpublished{langlands:68a,
	Author = {Robert Langlands},
	Date-Added = {2011-03-23 18:54:14 -0400},
	Date-Modified = {2011-03-23 18:55:15 -0400},
	Keywords = {thesis},
	Note = {Mimeographed notes, Yale University},
	Title = {Representations of algebraic groups},
	Year = {1968}}

@book{isaacs:CharacterTheoryOfFiniteGroups,
	Address = {New York},
	Author = {I. Martin Isaacs},
	Date-Added = {2011-03-21 12:12:18 -0400},
	Date-Modified = {2011-04-29 14:26:48 -0400},
	Keywords = {thesis},
	Publisher = {Academic Press},
	Title = {Character Theory of Finite Groups},
	Year = {1976}}

@inproceedings{demazure:SGA3-XXIV,
	Author = {Michel Demazure},
	Booktitle = {{Sch\'emas en groupes III: Structure des schemas en groupes reductifs}},
	Date-Added = {2011-03-17 19:55:48 -0400},
	Date-Modified = {2011-04-29 14:23:03 -0400},
	Editor = {Michel Demazure and Alexander Grothendieck},
	Keywords = {thesis},
	Publisher = {Springer-Verlag},
	Series = {Lecture Notes in Math},
	Title = {{Expos\'e XXIV: Automorphismes des groupes r\'eductifs}},
	Volume = {153},
	Year = {1970}}

@article{iwasawa:55a,
	Author = {Kenkichi Iwasawa},
	Date-Added = {2011-03-15 09:59:01 -0400},
	Date-Modified = {2011-03-15 10:00:36 -0400},
	Journal = {Transactions of the AMS},
	Keywords = {thesis},
	Pages = {448-469},
	Title = {On galois groups of local fields},
	Volume = {80},
	Year = {1955}}

@article{kottwitz:84a,
	Author = {Robert Kottwitz},
	Date-Added = {2011-03-12 16:49:48 -0500},
	Date-Modified = {2011-03-12 16:51:42 -0500},
	Journal = {Duke Math Journal},
	Keywords = {thesis},
	Number = {3},
	Pages = {611-650},
	Title = {Stable trace formula: cuspidal tempered terms},
	Volume = {51},
	Year = {1984}}

@unpublished{gan-gross-prasad:09a,
	Author = {Wee Teck Gan and Benedict H. Gross and Dipendra Prasad},
	Date-Added = {2011-03-11 07:04:38 -0500},
	Date-Modified = {2011-03-11 07:07:52 -0500},
	Keywords = {thesis},
	Note = {to appear in Asterisque},
	Title = {{Symplectic local root numbers, central critical L-values and restriction problems in the representation theory of classical groups}},
	Year = {2009}}

@inproceedings{gross:04a,
	Address = {Cambridge, UK},
	Author = {Benedict H. Gross},
	Booktitle = {{Heegner points and Rankin L-series}},
	Date-Added = {2011-03-05 21:00:07 -0500},
	Date-Modified = {2011-03-05 21:03:52 -0500},
	Editor = {Henri Darmon and Shou-Wu Zhang},
	Keywords = {thesis},
	Pages = {37-65},
	Publisher = {Cambridge UP},
	Series = {MSRI Publications},
	Title = {Heegner points and representation theory},
	Volume = {49},
	Year = {2004}}

@book{gerstein:BasicQuadraticForms,
	Address = {Providence R.I.},
	Author = {Larry J. Gerstein},
	Booktitle = {Basic Quadratic Forms},
	Date-Added = {2011-03-05 19:58:51 -0500},
	Date-Modified = {2011-04-29 14:39:14 -0400},
	Keywords = {thesis},
	Publisher = {American Math Society},
	Series = {Graduate Studies in Mathematics},
	Title = {Basic Quadratic Forms},
	Year = {2008}}

@article{jacobowitz:62a,
	Author = {Ronald Jacobowitz},
	Date-Added = {2011-02-19 06:47:43 -0500},
	Date-Modified = {2011-02-19 06:48:43 -0500},
	Journal = {American Journal of Mathematics},
	Keywords = {thesis},
	Pages = {441-465},
	Title = {Hermitian forms over local fields},
	Volume = {84},
	Year = {1962}}

@book{milne:ArithmeticDualityTheorems,
	Author = {James S. Milne},
	Booktitle = {Arithmetic Duality Theoresm},
	Date-Added = {2011-02-18 05:55:31 -0500},
	Date-Modified = {2011-02-18 06:01:45 -0500},
	Edition = {Second},
	Keywords = {thesis},
	Publisher = {BookSurge, LLC},
	Title = {Arithmetic Duality Theorems},
	Year = {2006}}

@unpublished{casselman:95a,
	Author = {William Casselman},
	Date-Added = {2011-02-17 07:38:53 -0500},
	Date-Modified = {2011-04-29 14:19:40 -0400},
	Keywords = {thesis},
	Note = {Available at \url{http://www.math.ubc.ca/~cass/research.html}},
	Title = {Introduction to the theory of admissible representations of $p$-adic reductive groups},
	Year = {1995}}

@unpublished{conrad:11a,
	Author = {Keith Conrad},
	Date-Added = {2011-02-17 06:29:53 -0500},
	Date-Modified = {2011-04-29 14:20:38 -0400},
	Keywords = {thesis},
	Note = {Available at \url{http://www.math.uconn.edu/~kconrad/blurbs/}},
	Title = {Galois Descent}}

@article{jahnell:00a,
	Author = {Joerg Jahnel},
	Date-Added = {2011-02-17 06:14:16 -0500},
	Date-Modified = {2011-02-17 06:27:14 -0500},
	Journal = {Linear Algebraic Groups and Related Structures},
	Keywords = {thesis},
	Pages = {1-60},
	Title = {The Brauer-Severi variety associated with a central simple algebra},
	Volume = {52},
	Year = {2000}}

@book{fulton-harris:RepresentationTheory,
	Address = {New York},
	Author = {William Fulton and Joe Harris},
	Date-Added = {2011-02-16 16:48:40 -0500},
	Date-Modified = {2011-02-16 16:51:04 -0500},
	Keywords = {thesis},
	Publisher = {Springer},
	Series = {Graduate Texts in Mathematics},
	Title = {Representation Theory: A First Course},
	Volume = {129},
	Year = {1991}}

@article{neron:64a,
	Author = {Andr\'e N\'eron},
	Date-Added = {2011-02-06 04:50:57 -0500},
	Date-Modified = {2011-02-06 04:52:21 -0500},
	Journal = {Publ. Much. I.H.E.S.},
	Keywords = {thesis},
	Title = {Mod\`eles minimaux des vari\'et\'es ab\'eliennes sur les corps locaux et globaux},
	Volume = {21},
	Year = {1964}}

@article{schneider-stuhler:97a,
	Author = {Peter Schneider and Ulrich Stuhler},
	Date-Added = {2011-02-05 20:14:31 -0500},
	Date-Modified = {2013-10-26 18:54:48 -0600},
	Journal = {Inst. Hautes \'Etudes Sci. Publ. Math},
	Keywords = {thesis, research-prop},
	Pages = {97-191},
	Title = {{Representation theory and sheaves on the Bruhat-Tits building}},
	Volume = {85},
	Year = {1997}}

@book{garrett:BuildingsAndClassicalGroups,
	Address = {London},
	Author = {Paul Garrett},
	Booktitle = {Buildings and Classical Groups},
	Date-Added = {2011-02-04 23:00:42 -0500},
	Date-Modified = {2011-04-29 14:24:38 -0400},
	Keywords = {thesis},
	Publisher = {{Chapman \& Hall}},
	Title = {Buildings and Classical Groups},
	Year = {1997}}

@incollection{yu:09b,
	Address = {Providence R.I.},
	Author = {Jiu-Kang Yu},
	Booktitle = {Ottowa Lectures on Admissible Representations of Reductive $p$-adic Groups},
	Date-Added = {2011-02-04 22:26:49 -0500},
	Date-Modified = {2013-11-27 18:28:12 -0700},
	Editor = {Clifton Cunningham and Monica Nevins},
	Keywords = {thesis},
	Pages = {53-76},
	Publisher = {American Math Society},
	Series = {Fields Institute Monographs},
	Title = {{Bruhat-Tits theory and buildings}},
	Year = {2009}}

@article{bruhat-tits:87b,
	Author = {Francois Bruhat and Jacques Tits},
	Date-Added = {2011-02-04 22:17:10 -0500},
	Date-Modified = {2011-02-04 22:19:21 -0500},
	Journal = {J. Fac. Sci. Univ. Tokyo Sect. IA Math.},
	Keywords = {thesis},
	Number = {3},
	Pages = {671-698},
	Title = {{Groupes alg\'ebriques sur un corps local. Chapitre III. Compl\'ements et applications \`a la cohomologie galoisienne}},
	Volume = {34},
	Year = {1987}}

@article{bruhat-tits:87a,
	Author = {Francois Bruhat and Jacques Tits},
	Date-Added = {2011-02-04 22:15:03 -0500},
	Date-Modified = {2011-02-04 22:16:16 -0500},
	Journal = {Bull. Soc. Math. France},
	Keywords = {thesis},
	Number = {2},
	Pages = {141-195},
	Title = {{Sch\'emas en groupes et immeubles des groupes classiques sur un corps local. II}},
	Volume = {115},
	Year = {1987}}

@article{bruhat-tits:84b,
	Author = {Francois Bruhat and Jacques Tits},
	Date-Added = {2011-02-04 22:12:39 -0500},
	Date-Modified = {2011-02-04 22:14:41 -0500},
	Journal = {Bull. Soc. Math. France},
	Keywords = {thesis},
	Number = {2},
	Pages = {259-301},
	Title = {{Sch\'emas en groupes et immeubles des groupes classiques sur un corps local}},
	Volume = {112},
	Year = {1984}}

@inproceedings{tits:79a,
	Address = {Providence R.I.},
	Author = {Jacques Tits},
	Booktitle = {{Automorphic forms, representations and L-functions (Proc. Sympos. Pure Math., Oregon State Univ., Corvallis OR, 1977)}},
	Date-Added = {2011-02-04 22:05:24 -0500},
	Date-Modified = {2011-04-29 14:37:10 -0400},
	Keywords = {thesis},
	Number = {XXXIII},
	Pages = {29-69},
	Publisher = {American Math Society},
	Series = {Proceedings of Symposia in Pure Mathematics},
	Title = {Reductive groups over local fields},
	Year = {1979}}

@inproceedings{tate:79a,
	Address = {Providence R.I.},
	Author = {John Tate},
	Booktitle = {{Automorphic forms, representations and L-functions (Proc. Sympos. Pure Math., Oregon State Univ., Corvallis OR, 1977)}},
	Date-Added = {2011-02-02 22:34:43 -0500},
	Date-Modified = {2011-04-29 14:36:00 -0400},
	Number = {XXXIII},
	Pages = {3-26},
	Publisher = {American Math Society},
	Series = {Proceedings of Symposia in Pure Mathematics},
	Title = {Number theoretic background},
	Year = {1979}}

@book{cartan-eilenberg:HomologicalAlgebra,
	Address = {Princeton},
	Author = {Henri Cartan and Samuel Eilenberg},
	Date-Added = {2011-02-02 18:59:18 -0500},
	Date-Modified = {2013-10-03 11:55:43 -0600},
	Keywords = {thesis, qcsheaves},
	Publisher = {Princeton U.P.},
	Title = {Homological Algebra},
	Year = {1956}}

@book{serre:GaloisCohomology,
	Address = {Berlin},
	Author = {Jean-Pierre Serre},
	Booktitle = {Galois Cohomology},
	Date-Added = {2011-02-02 18:47:24 -0500},
	Date-Modified = {2013-10-03 11:53:18 -0600},
	Edition = {Second},
	Keywords = {qcsheaves},
	Publisher = {Springer-Verlag},
	Title = {Galois Cohomology},
	Year = {2001}}

@book{milne:ClassFieldTheory,
	Author = {James S. Milne},
	Date-Added = {2011-02-02 14:10:45 -0500},
	Date-Modified = {2011-04-29 14:33:24 -0400},
	Keywords = {thesis},
	Publisher = {Available at \url{http://jmilne.org}},
	Title = {Class Field Theory},
	Url = {http://jmilne.org/math},
	Year = {2008},
	Bdsk-Url-1 = {http://jmilne.org/math}}

@book{robert:ACourseInpAdicAnalysis,
	Address = {New York},
	Author = {Alain Robert},
	Booktitle = {A Course in p-adic Analysis},
	Date-Added = {2011-02-01 07:34:33 -0500},
	Date-Modified = {2011-04-29 14:34:56 -0400},
	Keywords = {thesis},
	Number = {198},
	Publisher = {Springer-Verlag},
	Series = {Graduate Texts in Mathematics},
	Title = {A Course in p-adic Analysis},
	Year = {2000}}

@book{cassels-frohlich:AlgebraicNumberTheory,
	Address = {London},
	Date-Added = {2011-02-01 07:25:18 -0500},
	Date-Modified = {2011-04-29 14:23:55 -0400},
	Edition = {Second},
	Editor = {John W. S. Cassels and Albrecht Frohlich},
	Keywords = {thesis},
	Publisher = {London Math Society},
	Title = {Algebraic Number Theory},
	Year = {2010}}

@article{reeder:11a,
	Author = {Mark Reeder},
	Date-Added = {2011-01-31 07:55:31 -0500},
	Date-Modified = {2013-11-24 15:05:17 -0700},
	Journal = {Representation Theory},
	Keywords = {thesis},
	Pages = {{63-111}},
	Title = {{Elliptic centralizers in Weyl groups and their coinvariant representations}},
	Volume = {15},
	Year = {2011}}

@book{waterhouse:IntroductionToAffineGroupSchemes,
	Address = {New York},
	Author = {William Waterhouse},
	Booktitle = {Introduction to Affine Group Schemes},
	Date-Added = {2011-01-31 07:14:06 -0500},
	Date-Modified = {2011-01-31 07:15:55 -0500},
	Keywords = {thesis},
	Publisher = {Springer},
	Series = {Graduate Texts in Mathematics},
	Title = {Introduction to Affine Group Schemes},
	Year = {1979}}

@inproceedings{borel:79a,
	Address = {Providence R.I.},
	Author = {Armand Borel},
	Booktitle = {{Automorphic forms, representations and L-functions}},
	Date-Added = {2011-01-31 05:12:51 -0500},
	Date-Modified = {2013-06-28 19:56:26 +0800},
	Keywords = {thesis, rectifiers},
	Number = {33, part 2},
	Pages = {27-61},
	Publisher = {American Math Society},
	Series = {Proceedings of Symposia in Pure Mathematics},
	Title = {{Automorphic L-functions}},
	Year = {1979}}

@article{vogan:93a,
	Author = {David Vogan},
	Date-Added = {2011-01-31 03:58:04 -0500},
	Date-Modified = {2011-04-29 14:37:26 -0400},
	Journal = {Representation Theory of Groups and Algebras},
	Keywords = {thesis},
	Title = {{The local Langlands conjecture}},
	Volume = {145},
	Year = {1993}}

@unpublished{emerton:10a,
	Author = {Matthew Emerton},
	Date-Added = {2011-01-27 21:06:37 -0500},
	Date-Modified = {2013-10-26 17:43:23 -0600},
	Month = {December},
	Title = {Local-global compatibility in the $p$-adic Langlands programme for {$\GL_2/\QQ$}},
	Year = {2010}}

@article{colmez:10a,
	Author = {Pierre Colmez},
	Date-Added = {2011-01-27 20:57:50 -0500},
	Date-Modified = {2013-10-26 17:40:15 -0600},
	Journal = {Asterisque},
	Keywords = {thesis},
	Pages = {281-509},
	Title = {{Representations de {$\GL_2(\Qp)$} et {$(\phi, \Gamma)$}-modules}},
	Volume = {330},
	Year = {2010}}

@book{frenkel:LanglandsCorrespondenceForLoopGroups,
	Address = {Cambridge, UK},
	Author = {Edward Frenkel},
	Booktitle = {Langlands correspondence for loop groups},
	Date-Added = {2011-01-27 20:46:06 -0500},
	Date-Modified = {2011-01-27 20:47:54 -0500},
	Publisher = {Cambridge UP},
	Title = {Langlands correspondence for loop groups},
	Year = {2007}}

@book{jacquet-langlands:AutomorphicFormsOnGL2,
	Address = {New York},
	Author = {Herve Jacquet and Robert Langlands},
	Booktitle = {Automorphic forms on $\GL(2)$},
	Date-Added = {2011-01-27 20:25:51 -0500},
	Date-Modified = {2013-10-26 17:45:18 -0600},
	Keywords = {thesis},
	Number = {114},
	Publisher = {Springer-Verlag},
	Series = {Lecture Notes in Math},
	Title = {Automorphic forms on {$\GL(2)$}},
	Year = {1970}}

@book{humphreys:RefGroupsCoxGroups,
	Author = {James E. Humphreys},
	Booktitle = {Reflection Groups and Coxeter Groups},
	Date-Added = {2010-10-29 13:23:35 -0400},
	Date-Modified = {2010-10-29 13:25:02 -0400},
	Keywords = {thesis},
	Publisher = {Cambridge UP},
	Title = {Reflection Groups and Coxeter Groups},
	Year = {1990}}

@book{abramenko-brown:Buildings,
	Address = {New York},
	Author = {Peter Abramenko and Kenneth S. Brown},
	Date-Added = {2010-10-29 12:44:37 -0400},
	Date-Modified = {2010-10-29 12:46:55 -0400},
	Keywords = {thesis},
	Publisher = {Springer-Verlag},
	Title = {Buildings},
	Year = {2008}}

@misc{thiery:09a,
	Address = {Hagenberg, Austria},
	Author = {Nicolas M. Thi\'ery},
	Date-Added = {2010-10-18 06:58:10 -0400},
	Date-Modified = {2010-10-18 07:02:53 -0400},
	Howpublished = {Software demonstration, FPSAC'09, Hagenberg, Austria},
	Keywords = {research-prop},
	Note = {\url{http://wiki.sagemath.org/combinat?action=AttachFile&do=get&target=2009-07-20-FPSAC.pdf}},
	Title = {Sage-Combinat, Free and Practical Software for Algebraic Combinatorics.},
	Year = {2009}}

@article{joyner-stein:07a,
	Author = {David Joyner and WIlliam Stein},
	Date-Added = {2010-10-18 06:48:55 -0400},
	Date-Modified = {2010-10-18 06:52:55 -0400},
	Journal = {Notices of the AMS},
	Keywords = {research-prop},
	Number = {10},
	Pages = {1279},
	Title = {Open Source Mathematical Software},
	Volume = {54},
	Year = {2007}}

@article{loeffler:08a,
	Author = {David Loeffler},
	Date-Added = {2010-10-18 06:38:47 -0400},
	Date-Modified = {2010-10-18 06:39:46 -0400},
	Journal = {LMS Journal of Computation and Mathematics},
	Keywords = {research-prop},
	Pages = {326-342},
	Title = {Explicit calculations of automorphic forms for definite unitary groups},
	Volume = {11},
	Year = {2008}}

@article{harvey:07a,
	Author = {David Harvey},
	Date-Added = {2010-10-18 06:25:22 -0400},
	Date-Modified = {2010-10-18 06:26:20 -0400},
	Journal = {Int. Math. Res. Notices},
	Keywords = {research-prop},
	Title = {Kedlaya's algorithm in larger characteristic},
	Year = {2007}}

@article{magma,
	Author = {Wieb Bosma and John Cannon and Catherine Payoust},
	Date-Added = {2010-10-18 06:16:48 -0400},
	Date-Modified = {2010-10-18 06:18:51 -0400},
	Journal = {J. Symbolic Comput.},
	Keywords = {research-prop},
	Number = {3-4},
	Pages = {235-265},
	Title = {{The Magma algebra system. I. The user language.}},
	Volume = {24},
	Year = {1997},
	Bdsk-File-1 = {YnBsaXN0MDDUAQIDBAUGJCVYJHZlcnNpb25YJG9iamVjdHNZJGFyY2hpdmVyVCR0b3ASAAGGoKgHCBMUFRYaIVUkbnVsbNMJCgsMDxJXTlMua2V5c1pOUy5vYmplY3RzViRjbGFzc6INDoACgAOiEBGABIAFgAdccmVsYXRpdmVQYXRoWWFsaWFzRGF0YV8QYC4uLy4uL0xpYnJhcnlEYXZpZC9Cb3NtYSwgQ2Fubm9uLCBQbGF5b3VzdCAtLSBUaGUgTWFnbWEgYWxnZWJyYSBzeXN0ZW0gSSAtIFRoZSB1c2VyIGxhbmd1YWdlLnBkZtIXCxgZV05TLmRhdGFPEQKMAAAAAAKMAAIAAAxNYWNpbnRvc2ggSEQAAAAAAAAAAAAAAAAAAADH/vwuSCsAAAHVLhcfQm9zbWEsIENhbm5vbiwgUGxheW91Izk1MzNFLnBkZgAAAAAAAAAAAAAAAAAAAAAAAAAAAAAAAAAAAAAAAAAAAAlTPsQDfJFQREYgcHJ2dwACAAIAAAkgAAAAAAAAAAAAAAAAAAAADExpYnJhcnlEYXZpZAAQAAgAAMf/UI4AAAARAAgAAMQD0PEAAAABABgB1S4XAAlS9QAJUvMACTaFAAkN2AAAALgAAgBgTWFjaW50b3NoIEhEOlVzZXJzOgByb2VkOgBEb2N1bWVudHM6AE1hdGg6AFBhcGVyczoATGlicmFyeURhdmlkOgBCb3NtYSwgQ2Fubm9uLCBQbGF5b3UjOTUzM0UucGRmAA4AnABNAEIAbwBzAG0AYQAsACAAQwBhAG4AbgBvAG4ALAAgAFAAbABhAHkAbwB1AHMAdAAgAC0ALQAgAFQAaABlACAATQBhAGcAbQBhACAAYQBsAGcAZQBiAHIAYQAgAHMAeQBzAHQAZQBtACAASQAgAC0AIABUAGgAZQAgAHUAcwBlAHIAIABsAGEAbgBnAHUAYQBnAGUALgBwAGQAZgAPABoADABNAGEAYwBpAG4AdABvAHMAaAAgAEgARAASAHtVc2Vycy9yb2VkL0RvY3VtZW50cy9NYXRoL1BhcGVycy9MaWJyYXJ5RGF2aWQvQm9zbWEsIENhbm5vbiwgUGxheW91c3QgLS0gVGhlIE1hZ21hIGFsZ2VicmEgc3lzdGVtIEkgLSBUaGUgdXNlciBsYW5ndWFnZS5wZGYAABMAAS8AABUAAgAL//8AAIAG0hscHR5aJGNsYXNzbmFtZVgkY2xhc3Nlc11OU011dGFibGVEYXRhox0fIFZOU0RhdGFYTlNPYmplY3TSGxwiI1xOU0RpY3Rpb25hcnmiIiBfEA9OU0tleWVkQXJjaGl2ZXLRJidUcm9vdIABAAgAEQAaACMALQAyADcAQABGAE0AVQBgAGcAagBsAG4AcQBzAHUAdwCEAI4A8QD2AP4DjgOQA5UDoAOpA7cDuwPCA8sD0APdA+AD8gP1A/oAAAAAAAACAQAAAAAAAAAoAAAAAAAAAAAAAAAAAAAD/A==}}

@electronic{cethop,
	Date-Added = {2010-10-18 04:47:51 -0400},
	Date-Modified = {2013-10-26 20:35:21 -0600},
	Key = {Cethop},
	Keywords = {research-prop},
	Title = {{Project CETHop}},
	Url = {http://cethop.math.cnrs.fr},
	Bdsk-Url-1 = {http://cethop.math.cnrs.fr}}

@article{prasad-yu:02a,
	Author = {Gopal Prasad and Jiu-Kang Yu},
	Date-Added = {2010-10-18 03:13:57 -0400},
	Date-Modified = {2011-02-23 13:28:21 -0500},
	Journal = {Inventiones Math.},
	Keywords = {research-prop, thesis},
	Pages = {545-560},
	Title = {On finite group actions on reductive groups and buildings},
	Volume = {147},
	Year = {2002}}

@article{jones-roberts:06a,
	Author = {John Jones and David Roberts},
	Date-Added = {2010-10-18 01:46:22 -0400},
	Date-Modified = {2010-10-18 01:47:20 -0400},
	Journal = {J. Symbolic Comput.},
	Keywords = {research-prop},
	Pages = {80-97},
	Title = {A Database of Local Fields},
	Volume = {41},
	Year = {2006}}

@unpublished{guardia-montes-nart:09a,
	Author = {Jordi Gu\`ardia and Jes\'us Montes and Enric Nart},
	Date-Added = {2010-10-18 01:36:38 -0400},
	Date-Modified = {2013-10-26 22:33:25 -0600},
	Keywords = {research-prop},
	Note = {arXiv:0902.3428 [math.NT]},
	Title = {Higher Newton polygons and integral bases},
	Year = {2009}}

@unpublished{guardia-montes-nart:08b,
	Author = {Jordi Gu\`ardia and Jes\'us Montes and Enric Nart},
	Date-Added = {2010-10-18 01:35:31 -0400},
	Date-Modified = {2013-10-26 21:42:20 -0600},
	Keywords = {research-prop},
	Note = {arXiv:0807.4065 [math.NT]},
	Title = {Higher Newton polygons in the computation of discriminants and prime ideal decomposition in number fields},
	Year = {2008}}

@article{guardia-montes-nart:08a,
	Author = {Jordi Gu\`ardia and Jes\'us Montes and Enric Nart},
	Date-Added = {2010-10-18 01:30:52 -0400},
	Date-Modified = {2013-10-26 18:36:52 -0600},
	Journal = {Transactions of the AMS},
	Keywords = {research-prop},
	Number = {1},
	Pages = {361-416},
	Title = {Newton polygons of higher order in algebraic number theory},
	Volume = {364},
	Year = {2012}}

@inproceedings{pauli:10a,
	Address = {Nancy, France},
	Author = {Sebastian Pauli},
	Booktitle = {Algorithmic Number Theory, 9th International Symposium},
	Date-Added = {2010-10-18 01:28:33 -0400},
	Date-Modified = {2010-10-18 05:27:15 -0400},
	Editor = {Guillaume Hanrot and Fran{\c c}ois Morain and Emmanuel Thom\'e},
	Keywords = {research-prop},
	Title = {{Factoring polynomials over local fields II}},
	Year = {2010}}

@article{junkins-kolster:13a,
	Author = {Caroline Junkins and Manfred Kolster},
	Date-Added = {2010-10-18 01:26:33 -0400},
	Date-Modified = {2013-10-26 18:45:22 -0600},
	Journal = {Annales math{\'e}matiques du Qu{\'e}bec},
	Keywords = {research-prop},
	Number = {1},
	Pages = {79-108},
	Title = {{An analogue of the Gauss class number problem in motivic cohomology}},
	Volume = {37},
	Year = {2013}}

@inproceedings{balakrishnan-bradshaw-kedlaya:10a,
	Address = {Nancy, France},
	Author = {Jennifer S. Balakrishnan and Robert W. Bradshaw and Kiran S. Kedlaya},
	Booktitle = {Algorithmic Number Theory, 9th International Symposium},
	Date-Added = {2010-10-18 01:16:51 -0400},
	Date-Modified = {2013-10-26 18:16:39 -0600},
	Editor = {Guillaume Hanrot and Fran{\c c}ois Morain and Emmanuel Thom\'e},
	Keywords = {research-prop},
	Title = {{Explicit Coleman integration for hyperelliptic curves}},
	Year = {2010}}

@article{lansky-pollack:02a,
	Author = {Joshua Lansky and David Pollack},
	Date-Added = {2010-10-18 01:10:04 -0400},
	Date-Modified = {2010-10-18 01:10:57 -0400},
	Journal = {Compositio Math.},
	Keywords = {research-prop},
	Number = {1},
	Pages = {21-48},
	Title = {Hecke algebras and automorphic forms},
	Volume = {130},
	Year = {2002}}

@article{gross:99a,
	Author = {Benedict H. Gross},
	Date-Added = {2010-10-18 01:07:49 -0400},
	Date-Modified = {2010-10-18 01:08:42 -0400},
	Journal = {Israel J. Math.},
	Keywords = {research-prop},
	Pages = {61-93},
	Title = {Algebraic modular forms},
	Volume = {113},
	Year = {1999}}

@unpublished{knightly-li:13a,
	Author = {Andrew Knightly and Charles Li},
	Date-Added = {2010-10-18 01:00:13 -0400},
	Date-Modified = {2013-10-26 18:47:33 -0600},
	Keywords = {research-prop},
	Note = {Preprint},
	Title = {{Simple supercuspidal representations of $\GL(n)$}},
	Year = {2013}}

@article{chevie,
	Author = {M. Geck and G. Hiss and F. L\"ubeck and G. Malle and G. Pfeiffer},
	Date-Added = {2010-10-18 00:44:42 -0400},
	Date-Modified = {2010-10-18 05:17:58 -0400},
	Journal = {Appl. Algebra Engrg. Comm. Comput.},
	Keywords = {research-prop},
	Pages = {175-210},
	Title = {{CHEVIE -- A system for computing and processing generic character tables for finite groups of Lie type, Weyl groups and Hecke algebras}},
	Volume = {7},
	Year = {1996}}

@book{carter:93a,
	Address = {Chichester},
	Author = {Roger W. Carter},
	Booktitle = {Finite Groups of Lie Type: conjugacy classes and complex characters},
	Date-Added = {2010-10-18 00:41:15 -0400},
	Date-Modified = {2013-06-28 20:02:39 +0800},
	Keywords = {thesis, research-prop, rectifiers},
	Publisher = {Wiley \& Sons},
	Title = {{Finite groups of Lie type: conjugacy classes and complex characters}},
	Year = {1993}}

@book{bushnell-henniart:06a,
	Address = {Berlin},
	Author = {Colin Bushnell and Guy Henniart},
	Booktitle = {The Local Langlands Conjecture for GL(2)},
	Date-Added = {2010-10-18 00:35:03 -0400},
	Date-Modified = {2013-06-28 20:26:35 +0800},
	Keywords = {research-prop, rectifiers},
	Publisher = {Springer-Verlag},
	Title = {{The local Langlands conjecture for $GL(2)$}},
	Year = {2006}}

@article{loeffler-weinstein:12a,
	Author = {David Loeffler and Jared Weinstein},
	Date-Added = {2010-10-17 20:00:18 -0400},
	Date-Modified = {2013-10-26 18:58:51 -0600},
	Journal = {Mathematics of Computation},
	Keywords = {research-prop},
	Number = {278},
	Pages = {1179-1200},
	Title = {On the computation of local components of a newform},
	Volume = {81},
	Year = {2012},
	Bdsk-Url-1 = {http://arxiv.org/abs/1008.2796}}

@manual{gap,
	Date-Added = {2010-10-17 19:45:57 -0400},
	Date-Modified = {2013-10-26 22:38:53 -0600},
	Key = {Gap},
	Keywords = {research-prop},
	Organization = {{\noopsort{GAP}The GAP~Group}},
	Title = {{GAP -- Groups, Algorithms, and Programming}},
	Url = {http://www.gap-system.org},
	Year = {{1986-2013}},
	Bdsk-Url-1 = {http://www.gap-system.org}}

@manual{pari,
	Author = {Christian Batut and Karim Belabas and Dominique Benardi and Henri Cohen and Michel Olivier},
	Date-Added = {2010-10-17 19:43:29 -0400},
	Date-Modified = {2013-10-28 03:02:58 -0600},
	Keywords = {research-prop},
	Title = {User's guide to {PARI-GP}},
	Url = {http://pari.math.u-bordeaux.fr},
	Year = {{1985-2013}},
	Bdsk-Url-1 = {http://pari.math.u-bordeaux.fr}}

@manual{sage,
	Author = {{\noopsort{Stein William}William Stein~et~al}},
	Date-Added = {2010-10-17 19:31:54 -0400},
	Date-Modified = {2013-10-26 21:31:18 -0600},
	Key = {Sage},
	Keywords = {research-prop},
	Organization = {The Sage Development Team},
	Title = {{Sage Mathematics Software}},
	Url = {http://www.sagemath.org},
	Year = {{2005-2013}},
	Bdsk-Url-1 = {http://www.sagemath.org}}

@phdthesis{roe:11a,
	Author = {David Roe},
	Date-Added = {2010-10-17 19:28:33 -0400},
	Date-Modified = {2010-10-17 19:30:11 -0400},
	Keywords = {research-prop},
	School = {Harvard University},
	Title = {The Local Langlands Correspondence for Tamely Ramified Groups},
	Year = {2011}}

@article{birch-swinnerton-dyer:65a,
	Author = {Bryan Birch and Peter Swinnerton-Dyer},
	Date-Added = {2010-10-17 19:24:12 -0400},
	Date-Modified = {2013-10-26 18:50:40 -0600},
	Journal = {J. Reine Angew. Math.},
	Keywords = {research-prop},
	Pages = {79-108},
	Title = {{Notes on elliptic curves II}},
	Volume = {218},
	Year = {1965}}

@article{henniart:00a,
	Author = {Guy Henniart},
	Date-Added = {2010-10-17 19:20:03 -0400},
	Date-Modified = {2010-10-18 05:43:36 -0400},
	Journal = {Invent. Math.},
	Keywords = {research-prop},
	Number = {2},
	Pages = {439-455},
	Title = {{Une preuve simple des conjectures de Langlands pour $\GL(n)$ sur un corps $p$-adique}},
	Volume = {139},
	Year = {2000}}

@book{harris-taylor:01a,
	Address = {Princeton},
	Author = {Michael Harris and Richard Taylor},
	Booktitle = {{The geometry and cohomology of some simple Shimura varieties}},
	Date-Added = {2010-10-17 19:16:19 -0400},
	Date-Modified = {2013-10-26 18:14:57 -0600},
	Keywords = {research-prop},
	Publisher = {Princeton U.P.},
	Title = {{The geometry and cohomology of some simple Shimura varieties}},
	Year = {2001}}

@book{bernstein-gelbart:04a,
	Address = {Boston},
	Booktitle = {An Introduction to the Langlands Program},
	Date-Added = {2010-10-17 19:09:04 -0400},
	Date-Modified = {2013-10-26 18:32:39 -0600},
	Editor = {Stephen Gelbart and Joseph Bernstein},
	Keywords = {research-prop},
	Publisher = {Birkhauser},
	Title = {{An introduction to the Langlands program}},
	Year = {2004}}

@article{gelbart:84a,
	Author = {Stephen Gelbart},
	Date-Added = {2010-10-17 19:07:10 -0400},
	Date-Modified = {2010-10-18 05:18:52 -0400},
	Journal = {Bull. Amer. Math. Soc. (N.S.)},
	Keywords = {research-prop},
	Number = {2},
	Pages = {177-219},
	Title = {{An elementary introduction to the Langlands program}},
	Volume = {10},
	Year = {1984}}

@article{wiles:95a,
	Author = {Andrew J. Wiles},
	Date-Added = {2010-10-17 19:04:27 -0400},
	Date-Modified = {2010-10-18 05:53:55 -0400},
	Journal = {Annals of Math},
	Keywords = {research-prop},
	Number = {3},
	Pages = {443-551},
	Title = {{Modular elliptic curves and Fermat's last theorem}},
	Volume = {141},
	Year = {1995}}

@unpublished{bhargava-hanke:pre_a,
	Author = {Manjul Bhargava and Jon Hanke},
	Date-Added = {2010-10-17 18:59:46 -0400},
	Date-Modified = {2013-10-26 21:42:20 -0600},
	Keywords = {research-prop},
	Note = {Preprint at \url{http://www.wordpress.jonhanke.com/wp-content/uploads/2011/09/290-Theorem-preprint.pdf}},
	Title = {Universal Quadratic Forms and the 290-Theorem},
	Year = {2011}}

@article{khare-winterberger:09a,
	Author = {Chandrashekhar Khare and Jean-Pierre Winterberger},
	Date-Added = {2010-10-17 18:49:30 -0400},
	Date-Modified = {2010-10-17 18:52:41 -0400},
	Journal = {Inventiones Mathematicae},
	Keywords = {research-prop},
	Number = {3},
	Pages = {485-586},
	Title = {Serre's modularity conjecture},
	Volume = {178},
	Year = {2009}}

@article{gross-reeder:09a,
	Author = {Benedict H. Gross and Mark Reeder},
	Date-Added = {2010-10-13 05:07:50 -0400},
	Date-Modified = {2013-06-28 20:50:33 +0800},
	Journal = {Duke Math Journal},
	Keywords = {thesis, research-prop, rectifiers},
	Pages = {431-508},
	Title = {{Arithmetic invariants of discrete Langlands parameters}},
	Year = {2010},
	Bdsk-Url-1 = {http://www2.bc.edu/~reederma/AdjointGamma.pdf}}

@article{carter:72a,
	Author = {Roger W. Carter},
	Date-Added = {2010-10-13 01:07:32 -0400},
	Date-Modified = {2011-04-29 14:18:46 -0400},
	Journal = {Compositio Mathematica},
	Keywords = {thesis},
	Number = {1},
	Pages = {1-59},
	Title = {{Conjugacy classes in the Weyl group}},
	Volume = {25},
	Year = {1972}}

@article{reeder-debacker:09a,
	Author = {Stephen DeBacker and Mark Reeder},
	Date-Added = {2010-10-13 00:52:54 -0400},
	Date-Modified = {2013-06-28 17:17:48 +0800},
	Journal = {Annals of Math},
	Keywords = {thesis, research-prop, rectifiers},
	Number = {3},
	Pages = {795-901},
	Title = {{Depth-zero supercuspidal L-packets and their stability}},
	Volume = {169},
	Year = {2009}}

@article{bruhat-tits:84a,
	Author = {Francois Bruhat and Jacques Tits},
	Date-Added = {2010-09-10 13:51:42 -0400},
	Date-Modified = {2011-02-04 22:09:28 -0500},
	Journal = {Publ. Math. I.H.E.S.},
	Keywords = {thesis, Bruhat-Tits, padic},
	Pages = {197-376},
	Title = {Groupes r\'eductifs sur un corps local, Chapitre II},
	Volume = {60},
	Year = {1984}}

@book{springer:LinearAlgebraicGroups,
	Address = {Boston},
	Author = {Springer, T.A.},
	Booktitle = {Linear Algebraic Groups},
	Date-Added = {2010-08-09 14:35:17 -0600},
	Date-Modified = {2013-11-27 18:28:13 -0700},
	Edition = {2nd ed.},
	Keywords = {thesis},
	Publisher = {Birkh\"auser},
	Title = {Linear Algebraic Groups},
	Year = {1998}}

@incollection{yu:09a,
	Address = {Providence R.I.},
	Author = {Jiu-Kang Yu},
	Booktitle = {Ottawa Lectures on Admissible Representations of Reductive $p$-adic Groups},
	Date-Added = {2010-04-07 00:30:58 -0400},
	Date-Modified = {2013-10-10 23:30:43 +0000},
	Editor = {Clifton Cunningham and Monica Nevins},
	Keywords = {thesis, research-prop},
	Pages = {177--183},
	Publisher = {American Math Society},
	Series = {Fields Institute Monographs},
	Title = {{On the local Langlands correspondence for tori}},
	Volume = {26},
	Year = {2009}}

@article{reeder:10a,
	Author = {Mark Reeder},
	Date-Added = {2010-03-27 00:36:03 -0400},
	Date-Modified = {2013-11-24 15:06:00 -0700},
	Journal = {{L'Enseignement Mathematique}},
	Keywords = {thesis, rectifiers},
	Number = {2},
	Pages = {{3-47}},
	Title = {{Torsion automorphisms of simple Lie algebras}},
	Volume = {56},
	Year = {2009},
	Bdsk-Url-1 = {http://www2.bc.edu/~reederma/Torsion.pdf}}

@article{rapoport:05a,
	Author = {Michael Rapoport},
	Booktitle = {A guide to the reduction modulo $p$ of Shimura varieties},
	Date-Added = {2010-02-10 13:39:08 -0500},
	Date-Modified = {2011-04-29 14:33:44 -0400},
	Journal = {Ast\'erisque},
	Keywords = {thesis, padic, Shimura},
	Pages = {271-318},
	Title = {A guide to the reduction modulo $p$ of Shimura varieties},
	Volume = {298},
	Year = {2005}}

@book{platonov:AlgGroupsAndNT,
	Address = {San Diego},
	Author = {Vladimir Platonov and Andrei Rapinchuk},
	Booktitle = {Algebraic Groups and Number Theory},
	Date-Added = {2010-02-03 03:29:18 -0500},
	Date-Modified = {2010-10-17 18:45:42 -0400},
	Keywords = {thesis},
	Publisher = {Academic Press, Inc.},
	Title = {Algebraic Groups and Number Theory},
	Year = {1991}}

@book{bosch-lutkebohmert-reynaud:NeronModels,
	Address = {Berlin},
	Author = {Siegfried Bosch and Werner L\"utkebohmert and Michel Reynaud},
	Booktitle = {Neron Models},
	Date-Added = {2010-01-31 17:56:09 -0500},
	Date-Modified = {2013-08-14 16:53:51 -0600},
	Keywords = {thesis, rectifiers, qcsheaves},
	Publisher = {Springer-Verlag},
	Title = {{N\'eron models}},
	Year = {1980}}

@unpublished{yu:03a,
	Author = {Jiu-Kang Yu},
	Date-Added = {2010-01-31 16:59:34 -0500},
	Date-Modified = {2013-10-03 19:07:26 -0600},
	Keywords = {thesis,rectifiers,qcsheaves},
	Note = {Preprint},
	Title = {{Smooth models associated to concave functions in Bruhat-Tits theory}},
	Year = {2003}}

@article{bruhat-tits:72a,
	Author = {Francois Bruhat and Jacques Tits},
	Date-Added = {2010-01-31 16:48:51 -0500},
	Date-Modified = {2011-02-04 22:09:21 -0500},
	Journal = {Publ. Math. I.H.E.S.},
	Keywords = {thesis, Bruhat-Tits, padic},
	Pages = {5-251},
	Title = {Groupes r\'eductifs sur un corps local, Chapitre I},
	Volume = {41},
	Year = {1972}}

@article{moy-prasad:96a,
	Author = {Allen Moy and Gopal Prasad},
	Date-Added = {2010-01-30 02:19:07 -0500},
	Date-Modified = {2013-06-28 20:33:49 +0800},
	Journal = {Comment. Math. Helv.},
	Keywords = {thesis, rectifiers, padic, representations, Bruhat-Tits},
	Number = {1},
	Pages = {98-121},
	Title = {{Jacquet functors and unrefined minimal $K$-types}},
	Volume = {71},
	Year = {1996}}

@book{serre:LocalFields,
	Address = {New York},
	Author = {Jean-Pierre Serre},
	Date-Added = {2010-01-30 00:46:01 -0500},
	Date-Modified = {2011-02-04 22:28:15 -0500},
	Keywords = {thesis, padic, cohomology, class field theory},
	Publisher = {Springer-Verlag},
	Rating = {5},
	Read = {Yes},
	Title = {Local Fields},
	Year = {1979}}
@article{hoeven1,
        Author = {Joris van der Hoeven},
        Journal = {J. Symbolic Comput.},
        Number = {6},
        Pages = {479-542},
        Title = {{Relax, but don't be too lazy}},
        Volume = {34},
        Year = {2002}}

@article{hoeven2,
        Author = {Joris van der Hoeven},
        Journal = {J. Symbolic Comput.},
        Number = {8},
        Pages = {792-802},
        Title = {{New algorithms for relaxed multiplication}},
        Volume = {42},
        Year = {2007}}

@article{berthomieu,
        Author = {J\'er\'emy Berthomieu and Joris van der Hoeven 
                  and Gr\'egoire Lecerf},
        Journal = {J. Th{\'e}orie des Nombres des Bordeaux},
        Pages = {541--577},
        Title = {{Relaxed algorithms for $p$-adic numbers}},
        Volume = {23},
        Number = {3},
        Year = {2011}}
