%% This BibTeX bibliography file was created using BibDesk.
%% http://bibdesk.sourceforge.net/


%% Created for David Roe at 2014-02-24 01:32:36 -0700 


%% Saved with string encoding Unicode (UTF-8) 



@book{Rockafellar:97,
	Author = {R. Tyrell Rockafellar},
	Date-Added = {2014-02-24 08:29:29 +0000},
	Date-Modified = {2014-02-24 08:32:34 +0000},
	Keywords = {padicprec},
	Publisher = {{Springer-Verlag}},
	Series = {Grundlehren der Mathematischen Wissenschaften 317},
	Title = {Variational Analysis},
	Year = {1997}}
