



@unpublished{vaccon:14a,
	Author = {Tristan Vaccon},
	Date-Added = {2014-02-15 16:38:31 +0000},
	Date-Modified = {2014-02-15 16:45:23 +0000},
	Keywords = {padicprec},
	Note = {Preprint},
	Title = {{Matrix-F5 algorithms over finite-precision complete discrete valuation fields}},
	Year = {2014}}


@phdthesis{Vaccon-these,
  TITLE = {{p-adic precision}},
  AUTHOR = {Vaccon, Tristan},
  URL = {https://tel.archives-ouvertes.fr/tel-01205269},
  NUMBER = {2015REN1S032},
  SCHOOL = {{Universit{\'e} Rennes 1}},
  YEAR = {2015},
  MONTH = Jul,
  KEYWORDS = {Arithmetic ; Algorithmic ; Gr{\"o}bner basis ; Symbolic computation ; Numerical analysis ; Gr{\"o}bner ;  Bases de ; Calcul formel ; Analyse num{\'e}rique ; Arithm{\'e}tique ; Algorithmique},
  TYPE = {Theses},
  PDF = {https://tel.archives-ouvertes.fr/tel-01205269/file/VACCON_Tristan.pdf},
  HAL_ID = {tel-01205269},
  HAL_VERSION = {v2},
}




@article{kedlaya:01a,
	Author = {Kiran S. Kedlaya},
	Date-Added = {2014-02-15 16:29:07 +0000},
	Date-Modified = {2014-02-15 16:33:51 +0000},
	Journal = {J. Ramanujan Math. Soc.},
	Keywords = {padicprec},
	Pages = {323--338},
	Title = {Counting points on hyperelliptic curves using Monsky--Washnitzer cohomology},
	Volume = {16},
	Year = {2001}}




@book{serre:LocalFields,
	Address = {New York},
	Author = {Jean-Pierre Serre},
	Date-Added = {2010-01-30 00:46:01 -0500},
	Date-Modified = {2011-02-04 22:28:15 -0500},
	Keywords = {thesis, padic, cohomology, class field theory},
	Publisher = {Springer-Verlag},
	Rating = {5},
	Read = {Yes},
	Title = {Local Fields},
	Year = {1979}}

@book{Cohen:2013,
  title={A course in computational algebraic number theory},
  author={Cohen, Henri},
  volume={138},
  year={2013},
  publisher={Springer Science \& Business Media}
}

@article {CRV:2014,
    AUTHOR = {Caruso, Xavier and Roe, David and Vaccon, Tristan},
     TITLE = {Tracking {$p$}-adic precision},
   JOURNAL = {LMS J. Comput. Math.},
  FJOURNAL = {LMS Journal of Computation and Mathematics},
    VOLUME = {17},
      YEAR = {2014},
    NUMBER = {suppl. A},
     PAGES = {274--294},
      ISSN = {1461-1570},
   MRCLASS = {68W30 (65Y04)},
  MRNUMBER = {3240809},
       DOI = {10.1112/S1461157014000357},
       URL = {http://dx.doi.org/10.1112/S1461157014000357},
}

@article {CRV:2015,
  author    = {Xavier Caruso and
               David Roe and
               Tristan Vaccon},
  title     = {{p-Adic Stability In Linear Algebra}},
  booktitle = {{Proceedings of the 2015 {ACM} on International Symposium on Symbolic
               and Algebraic Computation, {ISSAC} 2015, Bath, United Kingdom, July
               06 - 09, 2015}},
  pages     = {101--108},
  year      = {2015},
  crossref  = {DBLP:conf/issac/2015},
  url       = {http://doi.acm.org/10.1145/2755996.2756655},
  doi       = {10.1145/2755996.2756655},
}