@article{caruso-roe-vaccon:14a,
        Author = {Xavier Caruso and David Roe and Tristan Vaccon},
        Journal = {LMS Journal of Computation and Mathematics},
        Number = {A},
        Pages = {{274--294}},
        Title = {Tracking $p$-adic precision},
        Volume = {17},
        Year = {2014}}

@article{lauder:04a,
      author={Alan Lauder},
       title={Deformation theory and the computation of zeta functions},
        date={2004},
        ISSN={0024-6115},
     journal={Proc. London Math. Soc.},
      volume={88},
      number={3},
       pages={565--602}}

