@inproceedings{LV16,
  author    = {Pierre Lairez and
               Tristan Vaccon},
  title     = {On p-Adic Differential Equations with Separation of Variables},
  booktitle = {Proceedings of the {ACM} on International Symposium on Symbolic and
               Algebraic Computation, {ISSAC} 2016, Waterloo, ON, Canada, July 19-22,
               2016},
  pages     = {319--323},
  year      = {2016},
  url       = {http://doi.acm.org/10.1145/2930889.2930912}
}

@article{Lercier-Sirvent:08,
	Author = {Reynald Lercier and Thomas Sirvent},
	Date-Added = {2014-02-15 16:31:33 +0000},
	Date-Modified = {2014-02-15 16:33:59 +0000},
	Journal = {J. Th{\'e}orie des Nombres des Bordeaux},
	Keywords = {padicprec},
	Pages = {783--797},
	Title = {{On Elkies subgroups of $\ell$-torsion points in elliptic curves defined over a finite field}},
	Volume = {20},
	Year = {2008}}
	
	
@article{caruso-roe-vaccon:14a,
        Author = {Xavier Caruso and David Roe and Tristan Vaccon},
        Journal = {LMS Journal of Computation and Mathematics},
        Number = {A},
        Pages = {{274--294}},
        Title = {Tracking $p$-adic precision},
        Volume = {17},
        Year = {2014}}
        
        
@inproceedings{caruso-roe-vaccon:15,
 author = {Caruso, Xavier and Roe, David and Vaccon, Tristan},
 title = {{p-Adic Stability In Linear Algebra}},
 booktitle = {Proceedings of the 2015 ACM on International Symposium on Symbolic and Algebraic Computation},
 series = {ISSAC '15},
 year = {2015},
 isbn = {978-1-4503-3435-8},
 location = {Bath, United Kingdom},
 pages = {101--108},
 numpages = {8},
 url = {http://doi.acm.org/10.1145/2755996.2756655},
 doi = {10.1145/2755996.2756655},
 acmid = {2756655},
 publisher = {ACM},
 address = {New York, NY, USA},
 keywords = {linear algebra, p-adic precision, ultrametric analysis}
} 

@inproceedings{caruso-roe-vaccon:16,
 author = {Caruso, Xavier and Roe, David and Vaccon, Tristan},
 title = {{Division and Slope Factorization of p-Adic Polynomials}},
 booktitle = {Proceedings of the ACM on International Symposium on Symbolic and Algebraic Computation},
 series = {ISSAC '16},
 year = {2016},
 isbn = {978-1-4503-4380-0},
 location = {Waterloo, ON, Canada},
 pages = {159--166},
 numpages = {8},
 url = {http://doi.acm.org/10.1145/2930889.2930898},
 doi = {10.1145/2930889.2930898},
 acmid = {2930898},
 publisher = {ACM},
 address = {New York, NY, USA},
 keywords = {algorithms, factorization, newton polygon, p-adic precision}
} 

@inproceedings{caruso-roe-vaccon:17,
 author = {Caruso, Xavier and Roe, David and Vaccon, Tristan},
 title = {{Characteristic Polynomials of P-adic Matrices}},
 booktitle = {Proceedings of the 2017 ACM on International Symposium on Symbolic and Algebraic Computation},
 series = {ISSAC '17},
 year = {2017},
 isbn = {978-1-4503-5064-8},
 location = {Kaiserslautern, Germany},
 pages = {389--396},
 numpages = {8},
 url = {http://doi.acm.org/10.1145/3087604.3087618},
 doi = {10.1145/3087604.3087618},
 acmid = {3087618},
 publisher = {ACM},
 address = {New York, NY, USA},
 keywords = {\$p\$-adic precision, algorithms, characteristic polynomial, eigenvalue}
} 


 BibTeX | EndNote | ACM Ref

@inproceedings{vaccon:2014,
 author = {Vaccon, Tristan},
 title = {Matrix-F5 Algorithms over Finite-precision Complete Discrete Valuation Fields},
 booktitle = {Proceedings of the 39th International Symposium on Symbolic and Algebraic Computation},
 series = {ISSAC '14},
 year = {2014},
 isbn = {978-1-4503-2501-1},
 location = {Kobe, Japan},
 pages = {397--404},
 numpages = {8},
 url = {http://doi.acm.org/10.1145/2608628.2608658},
 doi = {10.1145/2608628.2608658},
 acmid = {2608658},
 publisher = {ACM},
 address = {New York, NY, USA},
 keywords = {p-adic algorithm, p-adic precision, F5 algorithm, gr\"{o}bner bases, moreno-socias conjecture}
} 

@article{caruso:2017,
 author = {Caruso, Xavier},
 title = {Numerical stability of Euclide algorithm over ultrametric fields},
 journal = {J. Number Theor. Bordeaux},
 year = {2017},
 pages = {503--534},
 volume = {29},
}

@article{denning:2005,
 author = {Denning, Peter}, 
 title = {The Locality Principle},
 journal = {Commun. ACM},
 year = {2005},
 pages = {19--24},
 volume = {48},
 issue = {7}
}

@book{rall:1981,
       author = "Rall, Louis",
       title = "Automatic Differentiation: {T}echniques and Applications",
       series = "Lecture Notes in Computer Science",
       publisher = "Springer",
       address = "Berlin",
       key = "Rall1981ADT",
       isbn = "0--540--10861--0",
       year = "1981",
       volume = "120",
} 

@article{course-padic,
 author = {Caruso, Xavier},
 title = {Computations with $p$-adic numbers},
 year = {2017},
 pages = {1--83}
}
